3325 5209
1200 387 1256 442 C.
1297 388 1659 443 CALIGVLA
1699 402 1829 450 [CAP.
1863 403 2035 451 11—15]
2615 394 2739 457 169

443 552 777 617 hominum
839 574 1038 638 genus
1051 604 1066 635 ,
1124 553 1262 618 uoti
1322 558 1684 637 compotem
1741 553 1922 638 fecit,
1987 555 2511 639 exoptatissimus
2566 558 2740 641 prin-

446 680 594 743 ceps
641 660 958 723 maximae
1003 660 1174 743 parti
1222 660 1715 743 prouincialium
1758 682 1832 724 ac
1867 661 2170 745 militum,
2216 662 2386 745 quod
2425 663 2740 728 infantem

443 766 731 850 plerique
779 770 1236 851 cognouerant,
1283 767 1393 830 sed
1439 771 1505 831 et
1548 768 1886 833 uniuersae
1932 767 2108 851 plebi
2153 769 2434 833 urbanae
2483 770 2564 834 ob
2611 793 2742 834 me-

445 873 714 938 moriam
764 870 1126 937 Germanici
1171 874 1374 958 patris
1422 874 2031 958 miserationemque
2076 898 2277 959 prope
2316 875 2594 941 afflictae
2634 877 2740 942 do-

391 1008 415 1048 5
444 1003 604 1044 mus.
679 980 898 1063 itaque
953 983 1028 1043 ut
1077 1004 1114 1044 a
1157 979 1405 1045 Miseno
1462 981 1672 1045 mouit
1719 982 2014 1064 quamuis
2070 982 2354 1068 lugentis
2400 983 2631 1048 habitu
2678 989 2742 1047 et

443 1087 635 1150 funus
684 1085 900 1152 Tiberi
958 1109 1351 1171 prosequens
1361 1139 1378 1172 ,
1433 1091 1650 1151 tamen
1706 1088 1874 1152 inter
1920 1087 2146 1152 altaria
2194 1093 2258 1153 et
2305 1090 2600 1155 uictimas
2648 1114 2741 1156 ar-

445 1192 780 1277 dentisque
838 1194 1055 1259 taedas
1114 1195 1492 1259 densissimo
1550 1199 1615 1258 et
1675 1195 2028 1260 laetissimo
2088 1196 2430 1260 obuiorum
2486 1198 2741 1281 agmine

444 1300 734 1382 incessit,
795 1322 985 1384 super
1043 1299 1257 1364 fausta
1315 1301 1576 1365 nomina
1639 1302 1815 1367 sidus
1864 1305 1929 1366 et
1973 1300 2223 1385 pullum
2272 1306 2336 1368 et
2382 1325 2629 1386 pupum
2678 1308 2742 1368 et

447 1406 775 1470 alumnum
834 1406 1324 1492 appellantium3
1380 1407 1797 1493 ingressoque
1853 1409 2105 1492 urbem,
2159 1409 2377 1473 statim
2426 1431 2739 1475 consensu
2757 1406 2849 1474 14

368 1541 419 1580 ιο
450 1517 708 1577 senatus
757 1518 820 1577 et
866 1514 1280 1597 irrumpentis
1328 1514 1397 1577 in
1443 1514 1683 1578 curiam
1733 1514 1978 1599 turbae,
2022 1516 2218 1580 inrita
2255 1515 2472 1580 Tiberi
2518 1519 2743 1582 uolun-

446 1622 595 1704 tate,
646 1621 758 1704 qui
804 1624 1191 1684 testamento
1242 1620 1515 1684 alterum
1561 1625 1864 1705 nepotem
1903 1645 2089 1686 suum
2127 1627 2601 1707 praetextatum
2640 1624 2744 1688 ad-

447 1727 572 1789 huc
622 1726 993 1791 coheredem
1051 1727 1110 1788 ei
1168 1726 1451 1810 dederat,
1491 1716 1606 1790 vius
1663 1729 2129 1813 arbitriumque
2186 1731 2474 1795 omnium
2528 1754 2743 1795 rerum

447 1834 545 1897 illi
601 1833 984 1917 permissum
1041 1835 1138 1896 est
1193 1837 1376 1897 tanta
1419 1833 1685 1918 publica
1730 1833 2002 1919 laetitia,
2056 1840 2130 1900 ut
2176 1838 2382 1902 tribus
2430 1839 2742 1921 proximis

455 1939 778 2003 mensibus
826 1960 902 2004 ac
955 1960 1037 2003 ne
1092 1939 1250 2004 totis
1307 1940 1565 2023 quidem
1615 1963 1810 2024 supra
1870 1945 2123 2006 centum
2182 1944 2516 2028 sexaginta
2563 1945 2744 2009 milia

369 2071 420 2112 15
449 2047 858 2111 uictimarum
907 2067 1089 2110 caesa
1132 2046 1487 2111 tradantur.
1930 2054 1933 2057 ’

629 2151 792 2216 Cum
859 2152 1088 2218 deinde
1151 2175 1391 2236 paucos
1445 2159 1596 2238 post
1651 2155 1785 2219 dies
1850 2155 1916 2218 in
1973 2156 2302 2239 proximas
2359 2155 2744 2241 Campaniae
2783 2174 2816 2220 2

450 2258 691 2324 insulas
752 2260 1134 2342 traiecisset,
1193 2264 1350 2324 uota
1407 2283 1525 2346 pro
1581 2262 1795 2326 reditu
1850 2267 2147 2347 suscepta
2201 2268 2379 2340 sunt,
2433 2286 2513 2328 ne
2561 2265 2746 2328 mini-

448 2390 617 2431 mam
669 2367 929 2450 quidem
987 2367 1388 2433 occasionem
1445 2391 1770 2452 quoquam
1829 2371 2167 2434 omittente
2221 2371 2289 2435 in
2344 2371 2748 2435 testificanda

451 2474 881 2539 sollicitudine
942 2479 1006 2539 et
1066 2497 1217 2539 cura
1277 2475 1354 2540 de
1415 2476 1859 2541 incolumitate
1919 2477 2075 2540 eiuS.
2167 2481 2240 2541 ut
2298 2493 2477 2543 uero‘
2515 2479 2584 2542 in
2643 2479 2747 2542 ad-

372 2603 424 2643 so
452 2602 704 2645 uersam
750 2581 1173 2646 ualitudinem
1217 2582 1460 2665 incidit,
1506 2583 2036 2667 pernoctantibus
2076 2584 2323 2648 cunctis
2363 2585 2529 2649 circa
2565 2584 2747 2649 Pala-

452 2688 642 2770 tium,
706 2709 838 2752 non
893 2688 1232 2752 defuerunt
1289 2690 1401 2771 qui
1458 2690 1937 2774 depugnaturos
1996 2713 2063 2755 se
2118 2692 2311 2755 armis
2368 2715 2483 2775 pro
2542 2693 2748 2756 salute

453 2795 627 2879 aegri
683 2795 922 2877 quique
978 2796 1189 2878 capita
1246 2817 1361 2860 sua
1416 2796 1607 2861 titulo
1664 2799 2002 2881 proposito
2059 2802 2387 2863 uouerent.
2482 2796 2749 2864 accessit
2785 2814 2818 2861 3

454 2901 533 2964 ad
597 2901 977 2966 immensum
1049 2902 1285 2966 ciuium
1353 2925 1638 2968 amorem
1707 2905 2015 2969 notabilis
2080 2907 2271 2969 etiam
2338 2909 2747 2970 externorum

453 3008 654 3072 fauor.
735 3030 1011 3093 namque
1048 3007 1419 3074 Artabanus
1456 3009 1844 3076 Parthorum
1885 3033 2015 3096 rex,
2054 3012 2270 3077 odium
2314 3034 2565 3097 semper
2602 3035 2749 3077 con-

374 3136 425 3176 35
454 3119 902 3199 temptumque
967 3115 1186 3181 Tiberi
1255 3139 1407 3201 prae
1473 3139 1539 3181 se
1600 3119 1839 3196 serene,
1904 3119 2253 3183 amicitiam
2317 3118 2510 3183 huius
2574 3120 2747 3184 ultro

454 3223 643 3305 petiit
710 3223 1023 3306 uenitque
1097 3223 1178 3286 ad
1241 3223 1633 3306 colloquium
1707 3224 1906 3309 legati
1980 3224 2333 3290 consularis
2408 3229 2472 3288 et
2544 3229 2749 3289 trans-

456 3349 709 3412 gressus
765 3329 1143 3413 Euphraten
1210 3329 1458 3413 aquilas
1534 3334 1598 3395 et
1674 3331 1859 3416 signa
1922 3330 2214 3397 Romana
2281 3331 2750 3415 Caesarumque

456 3437 768 3521 imagines
815 3437 1127 3502 adorauit.

633 3541 1020 3608 Incendebat
1076 3549 1140 3608 et
1194 3545 1332 3629 ipse
1389 3546 1602 3611 studia
1646 3546 1985 3612 hominum
2035 3550 2211 3614 omni
2268 3571 2498 3636 genere
2544 3573 2747 3635 popu-
2764 3539 2852 3607 15

378 3670 431 3710 ao
461 3650 752 3714 laritatis
836 3650 1093 3716 Tiberio
1143 3674 1287 3715 cum
1334 3653 1629 3735 plurimis
1666 3652 1947 3718 lacrimis
1994 3677 2111 3738 pro
2152 3657 2449 3720 contione
2484 3655 2746 3722 laudato

457 3756 880 3840 funeratoque
927 3758 1344 3843 amplissime,
1392 3760 1729 3824 confestim
1768 3760 2213 3826 Pandateriam
2264 3768 2327 3827 et
2364 3762 2628 3828 Pontias
2666 3764 2746 3828 ad

456 3863 927 3928 transferendos
982 3866 1207 3929 matris
1262 3865 1607 3950 fratrisque
1663 3868 1907 3930 cineres
1953 3868 2312 3949 festinauit,
2368 3873 2749 3954 tempestate

459 4035 869 4093 adulescentuli
907 4055 1032 4107 spe3
1070 4042 1190 4092 tum
1230 4041 1365 4109 quia
1392 4043 1559 4096 natus
1596 4041 1655 4094 in
1696 4043 1942 4097 exercitu
2100 4043 2418 4113 legionibus
2458 4062 2617 4098 carus
2656 4062 2748 4099 ac-

459 4118 767 4185 ceptusque
812 4118 1127 4172 habebatur
1174 4122 1350 4189 (Epit.
1383 4125 1436 4188 3,
1456 4126 1490 4176 3
1537 4124 1669 4175 ante
1714 4122 2095 4191 principatum
2144 4124 2402 4177 omnibus
2450 4142 2611 4178 carus
2659 4142 2749 4180 ac-

459 4200 766 4266 ceptusque
801 4198 946 4268 fuit).

604 4365 631 4412 1
664 4361 949 4428 compotes
974 4359 1025 4414 G·
1134 4365 1164 4411 2
1196 4360 1294 4427 qui
1314 4365 1375 4415 Π
1380 4362 1432 4421 1ς
1536 4368 1563 4415 7
1584 4362 1898 4416 lentissimo
1920 4363 2033 4423 12¹3
2050 4365 2322 4434 (Bentley)
2425 4370 2455 4417 8
2490 4365 2640 4420 ‘sunt
2657 4368 2755 4435 qui

458 4439 647 4492 omina
668 4440 948 4510 legendum
968 4441 1187 4510 putent’
1219 4442 1369 4496 Torr.
1393 4443 1674 4512 (Gronov.)
1771 4448 1836 4496 10
1865 4443 1925 4496 in
1952 4443 2113 4497 irrita
2136 4447 2221 4511 M,
2241 4445 2403 4498 irrita
2422 4446 2514 4499 rel.
2609 4452 2676 4498 25
2694 4462 2753 4499 se

457 4536 556 4574 om.
593 4520 791 4590 GH¹Q
919 4519 1039 4573 eius
1076 4526 1136 4575 X
1256 4527 1321 4575 27
1359 4522 1577 4576 romani
1608 4525 1695 4589 M,
1731 4523 1944 4578 Romae
1974 4525 2206 4595 Bentley
2334 4531 2396 4577 31
2437 4525 2662 4593 pontios
2684 4527 2760 4580 M
2814 4538 2818 4543 ’
