3325 5209
1105 421 1323 475 DIVVS
1362 422 1719 476 CLAVDIVS
1758 434 1888 483 [off.
1922 435 2097 484 29-34]
2403 502 2407 506 β
2616 424 2746 487 223

452 583 561 667 qui
626 605 807 648 more
880 586 1083 648 ueteri
1150 587 1228 649 ad
1302 585 1511 651 fulcra
1582 586 1895 651 lectorum
1965 587 2255 650 sedentes
2320 592 2744 651 uescerentur.

451 689 788 774 conuiuae,
846 693 958 774 qui
1005 691 1220 775 pridie
1277 692 1594 776 scyphum
1648 714 1912 756 aureum
1970 693 2369 777 subripuisse
2426 693 2744 757 existima-

450 795 667 881 batur,
723 801 1022 861 reuocato
1071 798 1139 860 in
1196 798 1364 862 diem
1419 803 1751 882 posterum
1810 800 2072 865 calicem
2119 799 2381 863 fictilem
2428 802 2743 883 apposuit.

453 904 690 967 dicitur
746 905 941 968 etiam
1005 905 1353 969 meditatus
1411 904 1719 989 edictum,
1788 929 1914 990 quo
1973 906 2228 971 ueniam
2286 906 2465 970 daret
2517 906 2745 971 flatum

396 1034 419 1073 5
450 1011 892 1095 crepitumque
939 1012 1186 1076 uentris
1242 1012 1311 1075 in
1359 1012 1659 1077 conuiuio
1708 1013 2071 1098 emittendi,
2119 1035 2264 1076 cum
2309 1013 2741 1097 periclitatum

451 1117 769 1201 quendam
816 1141 969 1202 prae
1015 1119 1261 1203 pudore
1308 1141 1386 1183 ex
1434 1119 1832 1183 continentia
1878 1120 2281 1204 repperisset.

630 1222 772 1288 Cibi
818 1225 1084 1309 uinique
1133 1248 1537 1310 quocumque
1587 1230 1651 1290 et
1689 1230 1978 1311 tempore
2018 1231 2084 1290 et
2119 1226 2261 1290 loco
2302 1225 2849 1311 appetentissi-33

447 1353 620 1416 muS,
677 1354 1069 1417 cognoscens
1126 1334 1449 1417 quondam
1506 1333 1573 1396 in
1630 1333 1913 1418 Augusti
1974 1334 2116 1397 foro
2174 1333 2467 1417 ictusque
2522 1333 2745 1398 nidore

448 1439 732 1522 prandii,
798 1439 971 1523 quod
1035 1440 1102 1502 in
1165 1441 1464 1524 proxima
1527 1438 1761 1504 Martis
1828 1440 1979 1503 aede
2046 1438 2237 1505 Saliis
2298 1440 2745 1524 apparabatur,

372 1568 421 1606 ιο
451 1544 702 1608 deserto
768 1545 1081 1610 tribunali
1155 1546 1442 1610 ascendit
1517 1547 1597 1609 ad
1671 1547 2032 1610 sacerdotes
2105 1569 2361 1632 unaque
2425 1547 2743 1610 decubuit.

448 1673 565 1715 nec
620 1655 862 1716 temere
916 1674 1223 1736 umquam
1268 1652 1554 1716 triclinio
1603 1653 1915 1717 abscessit
1960 1653 2086 1718 nisi
2134 1654 2448 1718 distentus
2496 1675 2570 1717 ac
2613 1676 2744 1716 ma-

449 1758 622 1842 denS,
670 1763 734 1821 et
780 1762 855 1822 ut
901 1760 1120 1822 statim
1169 1760 1399 1843 supino
1448 1781 1520 1822 ac
1569 1782 1682 1843 per
1718 1782 2016 1824 somnum
2061 1760 2268 1824 hianti
2314 1761 2512 1844 pinna
2557 1761 2625 1823 in
2671 1783 2743 1824 os

449 1863 777 1935 inderetur
860 1865 939 1928 ad
1013 1866 1486 1929 exonerandum
1570 1866 1991 1930 stomachum.
2097 1867 2305 1931 somni
2379 1866 2742 1930 breuissimi
2783 1883 2813 1928 2

449 1974 613 2051 erat,
686 1993 836 2034 nam
911 1975 1057 2034 ante
1129 1972 1406 2035 mediam
1480 1977 1736 2036 noctem
1808 1973 2186 2057 plerumque
2257 1973 2597 2058 uigilabat,
2669 1978 2744 2037 ut

372 2099 421 2139 15
451 2080 668 2140 tamen
726 2078 1006 2141 interdiu
1062 2101 1547 2163 nonnumquam
1603 2079 1672 2143 in
1728 2080 1867 2143 iure
1926 2080 2192 2143 dicendo
2242 2080 2745 2145 obdormisceret

450 2183 686 2266 uixque
734 2183 813 2246 ab
863 2184 1194 2249 aduocatis
1242 2185 1318 2249 de
1366 2184 1688 2271 industria
1732 2207 1958 2250 uocem
2007 2185 2391 2270 augentibus
2441 2185 2743 2250 excitare-
2783 2198 2787 2201 ’

447 2397 650 2460 aleam
688 2397 1159 2462 studiosissime
1195 2398 1371 2482 lusit,
1418 2400 1717 2487 de-„cuius
1765 2403 1902 2462 arte
1938 2399 2179 2463 librum
2217 2421 2472 2483 quoque
2510 2399 2743 2484 emisit,

448 2504 678 2568 solitus
707 2505 902 2569 etiam
940 2505 1008 2568 in
1038 2505 1398 2590 gestatione
1439 2484 1679 2591 ludere,
1708 2506 1800 2591 ita
1829 2506 2052 2569 essedo
2084 2506 2394 2591 alueoque
2424 2505 2743 2590 adaptatis

369 2634 419 2672 20
446 2634 525 2675 ne
572 2611 753 2675 lusus
802 2612 1316 2676 confunderetur.
1640 2693 1646 2698 .
1694 2607 1699 2611 ’

629 2716 907 2782 Saeuum
956 2723 1019 2782 et
1067 2719 1552 2809 sanguinarium
1597 2700 1833 2804 natura
1877 2720 2095 2804 fuisse,
2142 2719 2394 2804 magnis
2432 2719 2741 2783 minimis·
2757 2713 2850 2779 34

449 2847 571 2909 que
627 2825 929 2909 apparuit
990 2825 1197 2889 rebus.
1291 2830 1614 2890 tormenta
1670 2826 2120 2909 quaestionum
2179 2847 2545 2911 poenasque
2600 2849 2742 2911 par-

448 2930 795 2995 ricidarum
853 2932 1376 3016 repraesentabat
1442 2933 1867 3018 exigebatque
1925 2955 2159 2997 coram.
2254 2955 2399 2996 cum
2454 2938 2742 3017 spectare

447 3037 699 3121 antiqui
755 3039 958 3101 moris
1016 3038 1403 3123 supplicium
1450 3038 1679 3102 Tiburi
1736 3039 2142 3123 concupisset
2199 3043 2263 3103 et
2310 3039 2609 3125 deligatis
2663 3039 2744 3103 ad

368 3164 419 3204 25
447 3144 667 3228 palum
713 3146 923 3208 noxiis
972 3145 1256 3209 carnifex
1303 3147 1565 3229 deesset,
1612 3145 1889 3209 accitum
1938 3145 2017 3210 ab
2065 3146 2224 3210 urbe
2263 3167 2596 3230 uesperam
2642 3168 2744 3209 us-

450 3273 573 3335 que
638 3252 920 3336 opperiri
983 3254 1439 3336 perseuerauit.
1541 3275 1945 3337 quocumque
2011 3253 2395 3337 gladiatorio
2463 3273 2743 3338 munere,

448 3358 553 3421 uel
611 3380 726 3421 suo
784 3358 889 3422 uel
946 3358 1155 3423 alieno
1166 3410 1184 3443 ,
1245 3359 1437 3422 etiam
1494 3360 1662 3423 forte
1722 3359 2060 3444 prolapsos
2121 3359 2400 3445 iugulari
2461 3358 2742 3443 iubebat,

448 3464 725 3528 maxime
791 3466 1114 3549 retiariOS,
1178 3470 1253 3529 ut
1317 3466 1751 3550 expirantium
1812 3467 2007 3530 facies
2064 3467 2330 3530 uideret.
2423 3488 2568 3530 cum
2622 3489 2742 3550 par
2781 3479 2811 3525 2

448 3571 771 3654 quoddam
827 3572 1072 3636 mutuis
1130 3573 1365 3637 ictibus
1423 3573 1833 3654 concidisset,
1897 3573 2194 3637 cultellos
2253 3573 2377 3636 sibi
2434 3572 2742 3657 paruulos

367 3697 420 3738 ⁸0
448 3700 524 3741 ex
580 3682 856 3763 utroque
910 3680 1082 3743 ferro
1141 3681 1207 3743 in
1261 3701 1451 3742 usum
1524 3680 1658 3743 fieri
1720 3681 1856 3743 sine
1914 3701 2093 3743 mora
2147 3680 2351 3744 iussit.
2444 3680 2743 3743 bestiaris

593 3851 621 3898 7
660 3853 710 3900 et
749 3853 811 3898 17
854 3847 1009 3914 Epic.
1040 3850 1147 3912 4,3
1203 3846 1388 3899 uentri
1425 3845 1558 3898 uino
1597 3845 1825 3898 libidini
1871 3846 2035 3911 foede
2083 3846 2402 3899 oboediens
2451 3847 2519 3912 cf.
2562 3847 2744 3900 Victor

450 3926 597 3980 Caes
628 3931 681 3991 4,
710 3933 739 3979 1

593 4075 620 4122 1
660 4068 758 4135 qui
791 4067 932 4135 Y'O,
958 4071 1024 4121 ut
1052 4072 1088 4123 ὃ
1113 4070 1240 4136 fort.
1270 4070 1485 4134 rectiuS,
1515 4085 1615 4122 om.
1648 4070 1723 4122 M
1725 4069 1887 4123 GLP
1911 4071 1991 4137 (at
2016 4071 2081 4121 ut
2099 4076 2226 4137 post
2252 4069 2432 4122 ueteri
2461 4069 2621 4122 addit
2653 4070 2741 4137 G),

447 4150 515 4215 ef.
547 4150 734 4203 Herm.
767 4152 838 4203 36
856 4153 1047 4217 11295
1155 4149 1408 4201 uescenti
1437 4149 1595 4203 LPO
1622 4150 1906 4219 iunyentes
1932 4166 2055 4202 cum
2084 4149 2357 4202 conuiuae
2476 4154 2510 4201 4
2539 4152 2596 4202 et
2617 4156 2744 4217 post

449 4229 610 4282 daret
637 4228 766 4283 add.
788 4229 927 4282 GT&
1037 4234 1068 4282 8
1099 4229 1397 4295 uictusque
1426 4232 1493 4294 X,
1521 4228 1707 4282 uictus
1737 4230 1802 4282 N
1910 4235 1972 4281 12
2001 4245 2189 4298 penna
2220 4229 2443 4282 GPTN
2532 4234 2596 4281 14
2626 4230 2742 4282 cui-

446 4308 667 4378 gilabat
697 4309 954 4375 Casaub„
988 4309 1056 4375 cf.
1083 4310 1228 4379 Auy.
1255 4313 1326 4361 78
1368 4310 1519 4376 Vesp.
1539 4313 1610 4363 21
1761 4315 1826 4362 15
1866 4308 2112 4362 interdiu
2143 4327 2174 4368 ς
2213 4311 2533 4378 (Beroald.),
2570 4310 2740 4362 inter-

446 4389 578 4442 dum
608 4392 677 4455 52,
715 4390 864 4442 inter
892 4391 958 4442 N
1081 4395 1146 4442 16
1187 4387 1440 4456 uixitque
1462 4391 1535 4443 M
1541 4389 1559 4419 ¹
1677 4396 1743 4441 23
1778 4391 2074 4459 expectare
2104 4392 2177 4444 Μ
2181 4390 2284 4456 Ga,
2322 4392 2379 4442 et
2408 4392 2661 4457 spectare
2690 4395 2747 4442 X
2823 4434 2829 4439 ,

444 4472 701 4539 (cumque
732 4487 822 4539 sp·
842 4470 929 4539 N)
1071 4475 1139 4523 24
1178 4471 1235 4522 et
1263 4485 1365 4522 om.
1394 4471 1503 4522 LP
1607 4475 1674 4523 28
1705 4471 1790 4540 ut]
1821 4487 1947 4523 cum
1981 4470 2032 4523 G
2141 4473 2393 4523 cerneret
2426 4471 2476 4524 G
2585 4476 2651 4543 30
2683 4472 2742 4522 in

441 4551 628 4621 usum]
668 4549 888 4602 mixtim
916 4552 1146 4619 Bentley
