3325 5209
598 407 728 471 216
1303 409 1358 461 c.
1400 407 1715 461 SVETONI
1751 406 2195 471 TRANQVILLI

600 552 880 635 correxit
934 575 1047 634 aut
1104 570 1353 635 exoleta
1418 572 1751 635 reuocauit
1806 574 1919 633 aut
1973 570 2166 633 etiam
2222 590 2393 632 noua
2449 569 2745 633 instituit.
2830 570 2898 632 in

602 678 980 762 cooptandis
1048 699 1164 761 per
1232 677 1504 763 collegia
1574 676 2014 741 sacerdotibus
2075 677 2393 740 neminem
2464 676 2591 739 nisi
2651 676 2899 739 iuratus

602 766 986 869 nominauit3
1048 783 1544 867 obseruauitque
1600 784 1850 868 sedulo,
1908 787 1981 846 ut
2036 784 2334 866 quotiens
2390 786 2560 845 terra
2617 784 2683 845 in
2738 782 2898 845 urbe

604 893 940 979 mouisset,
1004 890 1196 954 ferias
1252 890 1564 955 aduocata
1620 892 1921 955 contione
1984 888 2245 972 praetor
2304 889 2637 973 indiceret,
2702 894 2901 972 utque

605 998 744 1061 dira
791 1020 909 1061 aue
957 997 1021 1060 in
1072 995 1392 1080 Capitolio
1440 999 1580 1061 uisa
1630 997 1990 1062 obsecratio
2036 995 2400 1079 haberetur,
2449 1016 2716 1077 eamque
2761 995 2899 1077 ipse
2957 1020 2982 1060 5

603 1107 742 1169 iure
779 1106 1044 1168 maximi
1073 1104 1399 1188 pontificis
1428 1125 1546 1187 pro
1585 1103 1816 1167 rostris
1855 1103 2096 1186 populo
2135 1102 2412 1185 praeiret
2451 1105 2900 1183 summotaque

606 1212 1043 1295 operariorum
1093 1231 1555 1294 seruorumque
1600 1209 1809 1274 turba.

501 1312 589 1377 23
786 1317 1027 1381 Rerum
1066 1321 1279 1380 actum
1319 1317 1599 1380 diuisum
1638 1321 1825 1379 antea
1863 1317 1930 1379 in
1957 1316 2264 1380 hibernos
2296 1316 2702 1401 aestiuosque
2731 1335 2903 1377 men-

607 1446 707 1489 ses
763 1424 1114 1488 coniunxit.
1189 1424 1349 1486 iuris
1406 1424 1753 1487 dictionem
1811 1424 1887 1486 de
1942 1423 2093 1486 fidei
2150 1422 2510 1486 commissis
2559 1422 2904 1503 quotannis

609 1536 673 1595 et
735 1534 989 1594 tantum
1053 1530 1121 1593 in
1185 1529 1344 1593 urbe
1411 1530 1690 1614 delegari
1754 1529 2242 1614 magistratibus
2310 1528 2564 1592 solitam
2634 1528 2701 1591 in
2765 1544 2918 1610 per-⁴
2936 1555 2987 1592 10

608 1641 874 1720 petuum
923 1640 1113 1719 atque
1170 1638 1363 1700 etiam
1419 1658 1533 1720 per
1577 1638 1946 1719 prouincias
2002 1636 2432 1719 potestatibus
2481 1635 2905 1699 demandauit.

612 1743 810 1826 capiti
855 1741 1093 1826 Papiae
1142 1742 1476 1827 Poppaeae
1532 1743 1696 1828 legis
1754 1767 1790 1806 a
1846 1742 2104 1807 Tiberio
2155 1740 2447 1826 Caesare,
2506 1743 2688 1822 quasi
2734 1763 2907 1805 sexa-

545 1864 577 1910 2
617 1850 862 1935 genarii
917 1871 1219 1934 generare
1283 1871 1414 1913 non
1469 1846 1761 1933 possent,
1828 1850 2046 1913 addito
2114 1849 2474 1934 obrogauit.
2570 1849 2783 1913 sanxit
2837 1852 2911 1911 ut

609 1957 874 2040 pupillis
923 1960 1103 2019 extra
1150 1956 1435 2020 ordinem
1492 1960 1741 2020 tutores
1799 1979 1836 2018 a
1892 1956 2263 2019 consulibus
2321 1956 2654 2038 darentur,
2711 1960 2909 2037 utque

611 2063 684 2148 ii,
749 2062 985 2146 quibus
1050 2086 1086 2125 a
1141 2063 1628 2148 magistratibus
1694 2063 2063 2146 prouinciae
2129 2062 2690 2147 interdicerentur,
2749 2064 2907 2128 urbe
2938 2085 2989 2125 15

616 2191 871 2253 quoque
911 2174 975 2233 et
1010 2168 1201 2233 Italia
1239 2173 1814 2232 summouerentur.
1881 2170 2018 2252 ipse
2057 2169 2370 2252 quosdam
2410 2192 2582 2233 nouo
2615 2172 2908 2253 exemplo

612 2275 945 2361 relegauit,
989 2279 1063 2339 ut
1109 2277 1282 2339 ultra
1314 2275 1595 2359 lapidem
1641 2277 1906 2339 tertium
1953 2279 2204 2340 uetaret
2250 2275 2467 2361 egredi
2517 2277 2595 2340 ab
2646 2276 2821 2340 urbe.

793 2383 890 2446 De
937 2383 1179 2446 maiore
1225 2382 1487 2467 negotio
1536 2385 1796 2455 acturus
1841 2382 1910 2446 in
1957 2382 2133 2445 curia
2179 2382 2428 2446 medius
2473 2383 2643 2446 inter
2689 2405 2912 2447 consu-

613 2490 752 2553 lum
802 2488 990 2553 sellas
1038 2488 1384 2552 tribunicio
1435 2488 1742 2552 subsellio
1801 2489 2078 2552 sedebat.
2163 2494 2556 2553 commeatus
2604 2513 2640 2552 a
2687 2493 2910 2554 senatu

510 2590 601 2656 24
618 2595 751 2680 peti
809 2595 1036 2659 solitos
1098 2595 1368 2658 benefici
1432 2595 1534 2659 sui
1598 2595 1767 2659 fecit.
1861 2599 2235 2660 ornamenta
2299 2595 2660 2660 consularia
2723 2597 2913 2660 etiam
2943 2618 2997 2658 80

616 2701 1143 2787 procuratoribus
1191 2701 1548 2765 ducenariis
1596 2701 1882 2765 indulsit.
1969 2703 2355 2766 senatoriam
2395 2704 2782 2790 dignitatem
2821 2726 2913 2766 re-

618 2808 993 2873 cusantibus
1050 2813 1413 2891 equestrem
1461 2829 1717 2892 quoque
1774 2794 2028 2871 ademit.
2111 2808 2311 2872 latum
2363 2809 2646 2893 clauum,
2697 2831 2913 2893 quam-

618 2915 720 2979 uis
767 2914 955 2978 initio
1004 2914 1388 2978 affirmasset
1433 2937 1563 2979 non
1609 2915 1927 2978 lecturum
1968 2936 2035 2977 se
2073 2919 2431 2978 senatorem
2471 2916 2598 2978 nisi
2637 2915 2799 2979 ciuis
2839 2916 2912 2979 R.

620 3022 1020 3106 abnepotem,
1068 3022 1262 3085 etiam
1306 3021 1597 3084 libertini
1643 3021 1781 3084 filio
1830 3021 2080 3104 tribuit,
2129 3021 2241 3084 sed
2280 3022 2400 3084 sub
2442 3005 2815 3086 condicione
2854 3023 2911 3085 si

620 3129 800 3213 prius
848 3128 929 3191 ab
978 3128 1191 3212 equite
1238 3126 1313 3190 R.
1362 3128 1703 3210 adoptatus
1752 3131 1944 3211 esset3
2001 3149 2073 3191 ac
2129 3128 2221 3190 sic
2268 3150 2524 3211 quoque
2578 3128 2916 3212 reprehen-
2947 3151 2998 3192 25

624 3235 870 3299 sionem
919 3256 1162 3319 uerens,
1212 3239 1277 3298 et
1304 3232 1589 3316 Appium
1622 3232 1896 3297 Caecum
1945 3254 2291 3317 censorem,
2337 3235 2590 3320 generis
2639 3236 2738 3299 sui
2775 3259 2917 3318 pro·

624 3347 976 3425 auctorem,
1042 3340 1494 3404 libertinorum
1562 3340 1733 3403 filios
1798 3340 1868 3403 in
1941 3344 2234 3403 senatum
2299 3341 2616 3427 adlegisse
2683 3343 2917 3428 docuit,

625 3449 889 3535 ignarus
949 3447 1350 3530 temporibus
1398 3444 1573 3529 Appi
1635 3450 1699 3509 et
1761 3447 2057 3529 deinceps
2119 3446 2514 3530 aliquamdiu
2579 3448 2919 3512 libertinos

628 3555 833 3618 dictos
888 3576 1019 3617 non
1076 3554 1280 3638 ipsos,
1347 3554 1458 3636 qui
1514 3576 1708 3616 manu
1766 3553 2238 3637 emitterentur,
2304 3554 2415 3617 sed
2470 3555 2785 3640 ingenuos
2843 3578 2921 3618 ex

558 3674 590 3720 2
629 3661 732 3724 his
777 3665 1164 3744 procreatos,
1250 3660 1523 3745 collegio
1572 3664 1987 3743 quaestorum
2024 3682 2142 3743 pro
2182 3664 2462 3724 stratura
2498 3663 2746 3725 uiarum
2788 3664 2919 3747 gla·
2949 3685 3001 3724 ao

630 3767 973 3830 diatorium
1024 3788 1258 3829 munus
1301 3766 1585 3830 iniunxit
1622 3767 2033 3850 detractaque
2072 3765 2356 3830 Ostiensi
2394 3772 2458 3830 et
2497 3767 2741 3831 Gallica
2778 3791 2922 3852 pro-

809 4056 840 4102 5
871 4066 976 4102 aue
997 4049 1141 4102 Roth
1163 4047 1277 4116 (aui
1307 4049 1578 4115 Tarraco),
1602 4051 1701 4100 aut
1722 4050 1797 4102 Μ
1797 4048 1973 4114 G'LP,
2003 4047 2182 4101 autin
2202 4048 2338 4101 urbe
2359 4052 2458 4101 aut
2486 4047 2607 4103 T'O
2716 4036 2746 4104 6
2778 4068 2923 4104 com-

629 4130 844 4184 monito
878 4136 1004 4198 post
1038 4127 1322 4197 pontificis
1353 4129 1479 4181 add.
1507 4131 1569 4193 Τ,
1608 4131 1995 4181 commonente
2026 4131 2237 4198 (-uente
2266 4129 2334 4195 T)
2357 4128 2505 4182 SOT
2607 4129 2778 4197 paulo
2803 4132 2852 4184 G

631 4213 911 4264 summota
944 4210 996 4263 G
1033 4211 1161 4278 (que
1191 4210 1291 4262 del.
1323 4210 1485 4261 etiam
1514 4209 1764 4277 Bentley)
1914 4214 1978 4260 12
2017 4209 2131 4277 legi
2160 4208 2390 4278 Bentley
2521 4216 2585 4262 13
2625 4210 2825 4264 addita
2858 4211 2923 4276 G,

633 4290 826 4343 abdito
848 4288 946 4355 11²,
976 4289 1162 4342 edicto
1188 4293 1245 4340 X
1347 4288 1648 4356 abrogauit
1673 4288 1783 4342 GT
1884 4288 2179 4357 sanxitque
2205 4289 2254 4342 G
2370 4295 2432 4340 19
2462 4290 2925 4362 tribunicio<ue>

635 4372 958 4435 Mommsen,
987 4368 1172 4441 <sella
1201 4368 1335 4440 uel>
1364 4368 1669 4421 tribunicio
1698 4369 1912 4423 Smilda
2035 4375 2101 4420 22
2139 4370 2335 4424 flatum
2368 4370 2492 4424 ΜΘ
2620 4377 2686 4424 25
2723 4371 2780 4425 R.
2820 4383 2926 4437 (ro-

633 4465 799 4501 mano
840 4448 906 4516 S)
945 4466 1044 4503 om.
1090 4449 1303 4518 6⁷11le
1486 4454 1552 4500 26
1589 4452 1940 4516 proactorem
1978 4449 2033 4515 S,
2082 4454 2368 4504 auctorem
2407 4468 2509 4518 ρς,
2557 4452 2655 4504 del.
2696 4453 2928 4522 Bentley

633 4531 809 4598 leyens
847 4536 1010 4583 antea
1040 4532 1324 4582 auctorem
1347 4546 1451 4597 pro
1482 4545 1768 4581 censorem
1878 4534 1942 4581 29
1974 4530 2332 4584 mitterentur
2365 4532 2410 4601 Q
2438 4533 2517 4600 (in
2547 4532 2603 4585 P
2628 4546 2658 4582 e
2685 4548 2753 4585 ss.
2784 4549 2851 4584 m.
2876 4534 2927 4598 1)
