3325 5209
1296 383 1495 437 NERO
1537 395 1669 444 [cAP.
1701 396 1876 446 22—25]
2190 459 2192 462 y
2597 387 2727 450 245

433 546 502 609 in
556 546 802 630 tragico
860 546 1137 628 quodam
1195 550 1367 629 actu,
1424 568 1571 610 cum
1628 548 1921 631 elapsum
1967 547 2269 612 baculum
2319 549 2445 611 cito
2493 571 2732 612 resum-

433 654 691 736 psisset,
745 653 1021 736 pauidus
1079 657 1141 717 et
1197 658 1486 718 metuens
1540 677 1622 718 ne
1680 656 1761 718 ob
1820 655 2123 719 delictum
2173 655 2517 719 certamine
2566 678 2733 718 sum-

434 763 831 842 moueretur,
884 781 1014 823 non
1064 761 1252 824 aliter
1297 762 1713 826 confirmatus
1765 766 1861 826 est
1909 785 2102 844 quam
2151 761 2483 825 adiurante
2530 762 2733 845 hypo-

435 868 594 929 crita
620 887 751 929 non
782 867 1300 931 animaduersum
1328 868 1395 931 id
1423 869 1592 932 inter
1619 868 2047 933 exultationes
2079 869 2732 949 succlamationesque

381 997 405 1036 5
434 974 679 1056 populi.
754 974 1065 1038 uictorem
1125 977 1338 1038 autem
1398 997 1463 1039 se
1511 973 1650 1059 ipse
1697 975 2184 1061 pronuntiabat3
2247 998 2373 1058 qua
2421 976 2496 1039 de
2544 998 2733 1038 causa

435 1085 499 1143 et
544 1081 886 1163 praeconio
934 1081 1174 1164 ubique
1223 1081 1570 1146 contendit.
1657 1103 1731 1144 ac
1777 1104 1857 1144 ne
1906 1083 2085 1146 (3111113
2143 1082 2402 1146 alterius
2457 1082 2734 1147 hieroni-

436 1208 654 1250 carum
710 1187 1021 1251 memoria
1080 1192 1192 1251 aut
1247 1188 1595 1273 uestigium
1657 1192 1906 1252 extaret
1965 1210 2262 1272 usquam,
2327 1190 2611 1277 subuerti
2672 1193 2736 1254 et

434 1315 601 1357 unco
658 1293 828 1357 trahi
884 1294 1177 1378 abicique
1234 1296 1301 1358 in
1355 1297 1623 1381 latrinas
1681 1297 1972 1360 omnium
2020 1299 2263 1359 statuas
2311 1300 2375 1360 et
2420 1297 2733 1381 imagines

436 1401 795 1483 imperauit.
871 1402 1197 1486 aurigauit
1234 1424 1491 1485 quoque
1527 1402 1948 1486 plurifariam,
1987 1402 2308 1486 Olympiis
2348 1425 2500 1467 uero
2540 1404 2730 1466 etiam
2770 1417 2802 1465 2

355 1530 406 1569 10
436 1508 901 1593 decemiugem,
959 1510 1253 1590 quamuis
1316 1509 1382 1575 id
1438 1510 1651 1593 ipsum
1700 1512 1767 1573 in
1823 1532 1971 1595 rege
2018 1509 2409 1574 Mithradate
2456 1511 2736 1574 carmine

436 1615 712 1697 quodam
762 1636 878 1677 suo
926 1614 1469 1700 reprehendisset3
1519 1616 1628 1679 sed
1677 1638 1981 1682 excussus
2031 1638 2219 1680 curru
2258 1638 2332 1680 ac
2376 1637 2596 1679 rursus
2642 1640 2737 1680 re-

435 1722 713 1803 positus,
775 1742 918 1783 cum
978 1721 1322 1804 perdurare
1382 1744 1513 1785 non
1574 1727 1820 1806 posset,
1872 1724 2120 1787 destitit
2181 1729 2327 1786 ante
2375 1724 2736 1807 decursum3

435 1848 643 1910 neque
699 1847 774 1889 eo
836 1826 1034 1890 setius
1089 1831 1431 1891 coronatus
1493 1832 1604 1892 est.
1692 1829 1998 1893 decedens
2056 1829 2281 1893 deinde
2335 1831 2731 1913 prouinciam

435 1934 806 1997 uniuersam
857 1933 1155 1997 libertate
1199 1934 1465 1998 donauit
1507 1935 1829 2018 simulque
1868 1936 2108 2000 iudices
2147 1937 2409 2000 ciuitate
2446 1935 2737 2000 Romana

357 2063 406 2102 15
437 2044 501 2104 et
557 2040 830 2123 pecunia
888 2041 1130 2125 grandi.
1216 2064 1378 2124 quae
1435 2041 1747 2107 beneficia
1807 2064 1840 2105 e
1895 2043 2107 2107 medio
2175 2043 2382 2106 stadio
2439 2041 2737 2106 Isthmio-

434 2171 576 2211 rum
625 2147 726 2211 die
774 2171 890 2211 sua
938 2150 1077 2231 ipse
1125 2170 1283 2212 uoce
1328 2149 1796 2233 pronuntiauit.

613 2255 935 2319 Reuersus
983 2277 1016 2318 e
1066 2253 1329 2320 Graecia
1367 2255 1732 2340 Neapolim,
1780 2257 1954 2340 quod
1993 2256 2059 2319 in
2098 2277 2172 2319 ea
2209 2256 2492 2338 primum
2531 2259 2734 2319 artem
2752 2251 2840 2317 25

433 2363 817 2445 protulerat,
882 2361 1046 2426 albis
1103 2362 1285 2445 equis
1345 2362 1594 2426 introiit
1651 2363 1917 2427 disiecta
1972 2366 2156 2446 parte
2209 2363 2405 2444 muri,
2469 2364 2543 2424 ut
2598 2384 2738 2424 mos

433 2468 906 2532 hieronicarum
964 2473 1088 2553 est3
1146 2469 1344 2533 simili
1401 2469 1592 2534 modo
1642 2469 1942 2553 Antium,
1998 2470 2143 2534 inde
2190 2467 2544 2552 Albanum,
2592 2469 2737 2532 inde

355 2596 406 2634 20
434 2575 736 2659 Romam3
784 2576 896 2640 sed
943 2580 1008 2639 et
1054 2575 1324 2640 Romam
1372 2598 1446 2640 eo
1497 2598 1706 2659 curru,
1755 2599 1882 2659 quo
1929 2576 2261 2662 Augustus
2310 2577 2466 2639 olim
2514 2576 2737 2639 trium—

435 2682 774 2766 phauerat,
849 2686 915 2746 et
980 2683 1048 2746 in
1112 2687 1293 2746 ueste
1359 2706 1687 2766 purpurea
1761 2683 2191 2766 distinctaque
2259 2682 2462 2746 stellis
2527 2684 2738 2745 aureis

438 2788 772 2873 chlamyde
813 2811 1246 2872 coronamque
1284 2790 1495 2873 capite
1527 2811 1757 2875 gerens
1789 2788 2253 2873 Olympiacam,
2294 2790 2516 2853 dextra
2545 2812 2738 2852 manu

436 2895 759 2980 Pythiam,
804 2899 1153 2980 praeeunte
1191 2918 1431 2979 pompa
1473 2900 1828 2961 ceterarum
1867 2919 2014 2961 cum
2053 2895 2282 2980 titulis,
2321 2896 2432 2960 ubi
2473 2900 2537 2959 et
2576 2917 2737 2978 quos

438 3026 565 3086 quo
601 3003 973 3067 cantionum
1024 3024 1234 3084 quoue
1272 3002 1637 3066 fabularum
1674 3007 2053 3088 argumento
2088 3003 2376 3087 uicisset3
2419 3003 2738 3085 sequenti-

358 3130 407 3167 25
437 3111 556 3174 bus
578 3132 835 3173 currum
867 3111 1201 3173 ouantium
1230 3110 1362 3173 ritu
1397 3111 1824 3194 plausoribus,
1854 3110 2074 3196 Augu
2087 3111 2286 3174 stian
2305 3133 2382 3174 os
2413 3110 2738 3174 milites-

438 3239 577 3299 que
626 3238 700 3278 se
760 3216 1139 3298 triumphi
1200 3218 1362 3280 eius
1410 3217 1906 3282 clamitantibus.
2006 3218 2237 3280 dehinc
2298 3218 2511 3280 diruto
2576 3216 2728 3279 circi
2774 3229 2807 3276 2

436 3323 699 3385 maximi
748 3344 897 3386 arcu
941 3345 1058 3405 per
1103 3322 1453 3386 Velabrum
1498 3325 1841 3408 forumque
1887 3324 2207 3388 Palatium
2255 3328 2319 3388 et
2357 3323 2726 3407 Apollinem

438 3429 617 3512 petit.
701 3430 1020 3492 incedenti
1066 3431 1307 3512 passim
1353 3431 1651 3495 uictimae
1701 3452 1916 3495 caesae
1964 3453 2186 3515 sparso
2226 3452 2342 3514 per
2378 3431 2516 3493 uias
2556 3430 2727 3493 iden-

436 3534 636 3599 tidem
683 3557 869 3600 croco
916 3536 1331 3621 ingestaeque
1379 3559 1528 3600 aues
1575 3560 1650 3601 ac
1695 3538 1991 3603 lemnisci
2037 3541 2102 3601 et
2147 3537 2428 3601 bellaria.
2514 3558 2725 3600 sacras

357 3661 409 3699 30
437 3664 703 3706 coronas
760 3643 829 3707 in
884 3643 1195 3708 cubiculis
1246 3644 1483 3706 circum
1529 3646 1732 3707 lectos
1779 3646 2025 3727 posuit,
2082 3645 2232 3708 item
2284 3648 2529 3707 statuas
2579 3666 2723 3707 suas

439 3749 865 3813 citharoedico
940 3751 1192 3832 habitu,
1278 3772 1404 3833 qua
1481 3754 1635 3813 nota
1708 3750 1901 3814 etiam
1987 3773 2323 3814 nummum
2396 3751 2712 3833 percussit

582 3947 611 3993 9
651 3943 718 4007 cf.
755 3943 903 3996 Oros,
937 3944 1057 3996 VII
1081 3948 1127 4009 7,
1155 3949 1182 3996 1
1213 3945 1286 4011 (u.
1309 3943 1383 3995 ad
1411 3960 1452 3996 c.
1476 3945 1566 4009 53)
1716 3948 1780 3995 31
1814 3944 2048 4011 Eutrop.
2076 3945 2197 3996 VII
2219 3949 2302 4010 14,
2327 3947 2365 3996 2
2396 3946 2651 3997 cantaret
2679 3945 2739 3995 in

438 4037 640 4074 scaena
679 4022 1055 4075 citharoedico
1094 4023 1308 4076 habitu.
1358 4023 1529 4076 Schol.
1553 4025 1681 4076 qu.
1704 4028 1878 4088 2,147
1916 4025 2003 4091 (cf.
2036 4025 2109 4075 ad
2147 4041 2263 4092 cap.
2297 4029 2389 4093 38)

586 4197 612 4244 1
646 4193 928 4259 quondam
949 4194 1180 4260 Bentley
1309 4196 1339 4242 6
1370 4192 1562 4244 condit
1584 4194 1659 4245 M
1774 4194 1873 4243 aut
1900 4207 1969 4244 ne
2000 4193 2090 4244 cui
2119 4193 2206 4244 uis
2234 4194 2283 4247 G
2430 4198 2460 4245 8
2502 4193 2739 4262 abcique

441 4274 515 4325 M
658 4277 722 4324 10
752 4273 1095 4325 mithradate
1128 4274 1211 4337 M,
1250 4271 1467 4323 mithri-
1507 4273 1595 4324 uel
1629 4271 1809 4324 mitri·
1844 4273 1935 4325 rel.
2087 4278 2151 4324 13
2193 4273 2579 4341 decedensque
2607 4275 2740 4327 inde

438 4353 669 4422 Bentley
705 4351 932 4417 (deinde
961 4370 1059 4406 om.
1093 4353 1159 4415 L)
1328 4357 1392 4403 16
1431 4351 1557 4419 ipsa
1598 4352 1648 4404 G
1807 4357 1871 4404 17
1911 4354 1967 4422 e]
2012 4369 2044 4404 a
2084 4354 2296 4407 PSTN
2436 4359 2503 4405 20
2542 4356 2598 4407 et
2636 4356 2737 4407 del.

446 4433 594 4485 Torr.
715 4438 780 4484 21
822 4435 978 4485 ueste
1017 4433 1115 4485 del.
1155 4434 1304 4485 Torr.
1337 4433 1539 4500 aliique
1650 4437 1717 4484 23
1758 4433 2066 4485 ceterorum
2101 4432 2187 4498 Τ’,
2218 4434 2648 4501 cytharedorum
2680 4435 2745 4487 N

438 4517 502 4563 27
542 4511 692 4564 maxi
722 4528 855 4564 arcu
887 4513 960 4565 M
1072 4517 1139 4564 28
1176 4512 1345 4579 petiit
1374 4513 1482 4582 HQ
1510 4513 1701 4581 (uuly.)
1819 4518 1885 4564 29
1925 4513 2246 4581 ingestique
2274 4513 2436 4567 flores
2470 4515 2742 4569 Graevius
