3325 5209
573 367 698 429 182
1274 365 1327 419 C.
1370 365 1685 419 SVETONI
1721 365 2167 430 TRANQVILLI

462 527 550 592 3⁶2
747 528 1053 593 Animum
1106 551 1361 612 quoque
1407 530 1761 592 remittenti
1816 525 2096 611 ludoque
2143 534 2207 592 et
2254 530 2461 612 epulis
2508 530 2722 595 dedito
2771 554 2869 593 ea—

564 636 709 698 ·dem
770 635 1087 699 factorum
1159 636 1605 718 dictorumque
1669 636 1938 700 saeuitia
2006 636 2240 700 aderat.
2339 659 2526 720 saepe
2593 636 2663 700 in
2722 630 2896 700 cons

564 745 788 824 spectu
834 742 1206 824 prandentis
1263 743 1371 805 uel
1429 742 1802 806 comisantis
1861 743 2063 806 seriae
2122 744 2527 825 quaestiones
2582 766 2696 826 per
2740 747 2867 807 tor-

562 851 777 911 menta
836 848 1264 932 habebantur,
1323 850 1505 913 miles
1563 848 1919 913 decollandi
1979 848 2207 913 artifex
2265 850 2775 933 quibuscumque
2832 874 2866 914 e

561 954 853 1019 custodia
900 957 1111 1038 capita
1157 957 1548 1039 amputabat.
1632 955 1920 1020 Puteolis
1959 956 2356 1020 dedicatione
2392 957 2628 1041 pontiS,
2675 978 2866 1039 quem
2923 985 2947 1023 5

562 1062 998 1146 excogitatum
1049 1063 1126 1126 ab
1176 1084 1251 1127 eo
1301 1062 1807 1147 significauimus
1845 1063 2189 1145 <cap.19>,
2239 1085 2384 1127 cum
2433 1064 2672 1128 multos
2711 1087 2744 1127 e
2789 1063 2862 1127 li-

557 1171 697 1231 tore
754 1168 1090 1233 inuitasset
1137 1170 1217 1232 ad
1273 1191 1338 1232 se
1350 1219 1366 1252 ,
1429 1172 1692 1252 repente
1751 1170 1959 1233 omnis
2016 1169 2493 1253 praecipitauit,
2549 1170 2862 1252 quosdam

558 1274 993 1360 gubernacula
1040 1276 1586 1358 apprehendentes
1635 1276 1840 1339 contis
1885 1277 2210 1359 remisque
2258 1277 2531 1341 detrusit
2567 1278 2633 1340 in
2671 1300 2861 1342 mare.

490 1399 520 1447 2
562 1379 804 1445 Romae
860 1382 1123 1465 publico
1181 1384 1371 1465 epulo
1429 1404 1685 1446 seruum
1735 1382 1817 1446 ob
1872 1383 2218 1447 detractam
2265 1384 2448 1447 lectis
2496 1390 2860 1469 argenteam

558 1489 865 1552 laminam
924 1488 1205 1552 carnifici
1261 1488 1601 1552 confestim
1646 1489 1943 1574 tradidit,
1991 1494 2064 1553 ut
2110 1491 2408 1554 manibus
2456 1492 2722 1555 abscisis
2769 1497 2859 1556 at-
2893 1518 2943 1556 ιο

560 1616 682 1676 que
740 1599 888 1658 ante
944 1598 1167 1677 pectus
1214 1616 1248 1657 e
1286 1595 1462 1671 ‚collo
1518 1596 1977 1681 pendentibus,
2033 1598 2451 1680 praecedente
2506 1599 2701 1662 titulo
2749 1598 2859 1682 qui

560 1721 818 1763 causam
864 1722 1108 1784 poenae
1163 1700 1490 1785 indicaret,
1545 1725 1661 1785 per
1717 1707 1937 1767 coetus
1984 1703 2384 1786 epulantium
2433 1704 2858 1770 circumduce-

558 1810 752 1871 retur.
855 1808 1330 1872 murmillonem
1389 1831 1421 1872 e
1486 1809 1637 1871 ludo
1704 1810 1973 1873 rudibus
2050 1831 2264 1873 secum
2331 1811 2730 1876 battuentem
2795 1818 2859 1875 et

561 1917 790 1996 sponte
837 1918 1229 1997 prostratum
1278 1916 1566 1980 confodit
1611 1917 1819 1981 ferrea
1857 1917 1988 1979 sica
2025 1937 2099 1980 ac
2136 1939 2312 1981 more
2351 1919 2672 1981 uictorum
2713 1942 2856 1984 cum

487 2038 517 2085 3
556 2022 771 2103 palma
829 2021 1226 2086 discucurrit.
1320 2023 1577 2086 admota
1634 2023 1942 2087 altaribus
1999 2025 2262 2087 uictima
2325 2026 2688 2090 succinctus
2745 2049 2856 2109 po·
2892 2050 2937 2088 15

556 2149 782 2209 parum
830 2127 1058 2192 habitu
1105 2130 1272 2193 elato
1321 2131 1448 2193 alte
1495 2131 1726 2194 malleo
1767 2131 2137 2194 cultrarium
2177 2133 2502 2196 mactauit.
2584 2133 2855 2198 lautiore

557 2235 859 2299 conuiuio
891 2235 1130 2299 effusus
1162 2236 1376 2300 subito
1409 2238 1476 2301 in
1507 2236 1853 2301 cachinnos
1886 2237 2276 2319 consulibus,
2316 2238 2427 2321 qui
2461 2240 2641 2302 iuxta
2671 2241 2854 2304 cuba-

555 2341 730 2424 bant,
771 2342 1076 2423 quidnam
1116 2342 1352 2405 rideret
1389 2342 1621 2406 blande
1661 2344 2143 2425 quaerentibus:
2192 2345 2399 2428 quid,
2439 2346 2668 2431 inquit,
2705 2348 2856 2410 nisi

554 2469 700 2511 uno
734 2470 893 2511 meo
923 2452 1114 2511 nutu
1143 2450 1484 2533 iugulari
1514 2454 1920 2532 utrumque
1948 2455 2286 2514 uestrum
2309 2452 2567 2515 statim
2589 2453 2854 2536 posse?

449 2553 539 2618 33
560 2552 727 2615 inter
753 2555 968 2618 uarios
998 2556 1191 2638 iocosi,
1222 2577 1364 2619 cum
1395 2557 1698 2620 assistens
1729 2557 2069 2621 simulacro
2099 2556 2272 2621 Iouis
2303 2557 2578 2641 Apellen
2606 2563 2853 2644 tragoe-
2885 2586 2935 2622 20

555 2658 705 2721 dum
737 2660 1167 2735 consuluisset
1204 2667 1348 2725 uter
1376 2662 1472 2725 illi
1512 2663 1719 2728 maior
1754 2664 2098 2747 uideretur,
2138 2669 2542 2729 cunctantem
2580 2666 2852 2750 flagellis

554 2764 814 2829 discidit
864 2767 1253 2831 conlaudans
1302 2769 1570 2832 subinde
1607 2792 1834 2833 uocem
1883 2771 2284 2853 deprecantis
2324 2772 2507 2853 quasi
2554 2774 2746 2836 etiam
2786 2773 2851 2835 in

554 2871 799 2956 gemitu
835 2874 1255 2956 praedulcem.
1342 2877 1637 2957 quotiens
1676 2878 1898 2941 uxoris
1937 2878 2042 2941 uel
2085 2877 2393 2941 amiculae
2432 2879 2669 2942 collum
2710 2901 2852 2942 exo-

555 2978 923 3058 scularetur,
963 2979 1260 3044 addebat:
1308 2985 1457 3044 tam
1487 2982 1684 3045 bona
1713 2984 1972 3045 ceruix
2013 2983 2237 3046 simul
2276 3005 2358 3048 ac
2398 2985 2692 3049 iussero
2734 2986 2852 3048 de-

553 3089 813 3150 metur.
899 3088 1056 3169 quin
1085 3092 1149 3151 et
1187 3087 1455 3152 subinde
1495 3088 1773 3152 iactabat
1811 3090 2376 3171 exquisiturum
2416 3114 2490 3155 se
2524 3093 2647 3156 uel
2675 3092 2851 3156 fidi·
2883 3118 2933 3155 ‘25

556 3194 753 3257 culis
806 3195 889 3257 de
941 3193 1314 3258 Caesonia
1362 3216 1518 3277 sua,
1568 3217 1697 3259 cur
1738 3219 1891 3258 eam
1939 3201 2154 3260 tanto
2198 3220 2423 3280 opere
2471 3198 2849 3283 diligeret.

447 3299 539 3364 34
734 3300 868 3364 Nec
915 3301 1160 3364 minore
1198 3300 1404 3365 liuore
1443 3322 1514 3364 ac
1551 3302 1954 3386 malignitate
1993 3325 2183 3385 quam
2224 3306 2521 3387 superbia
2559 3305 2853 3369 saeuitia-

551 3429 675 3488 que
739 3428 940 3489 paene
1004 3407 1309 3470 aduersus
1377 3409 1584 3472 omnis
1651 3410 1794 3472 aeui
1857 3409 2191 3473 hominum
2257 3433 2459 3497 genus
2525 3417 2851 3497 grassatus

551 3518 662 3576 est.
756 3517 997 3578 statuas
1058 3515 1346 3578 uirorum
1407 3515 1777 3580 inlustrium
1839 3517 1917 3580 ab
1979 3515 2276 3601 Augusto
2345 3540 2422 3582 ex
2486 3518 2852 3602 Capitolina

695 3702 759 3749 27
792 3698 1026 3765 Eutrop.
1060 3699 1184 3751 VII
1204 3703 1291 3765 12,
1312 3704 1345 3752 4
1383 3702 1451 3765 cf.
1485 3700 1834 3767 Epz't.11‚10
1861 3700 1920 3752 in
1952 3717 2113 3754 omne
2142 3702 2432 3755 hominum
2461 3719 2653 3771 genus,
2676 3701 2850 3754 etiam

550 3777 605 3829 in
647 3793 792 3843 suos,
831 3776 1077 3830 ferarum
1112 3794 1265 3831 more
1303 3780 1667 3848 grassabatur
1705 3782 2118 3848 (Domitianus).

692 3944 725 3991 4
765 3938 907 4010 <et>
938 3938 1098 3991 miles
1129 3939 1417 4003 Ruhnken,
1448 3941 1624 3993 Polak
1809 3946 1836 3992 7
1876 3942 2128 4011 repente]
2168 3945 2338 4010 ponte
2371 3944 2498 4012 HQ,
2546 3944 2776 4010 repente
2817 3960 2845 3994 e

551 4021 723 4086 ponte
765 4019 1000 4073 Casaub.
1104 4025 1135 4071 8
1174 4019 1405 4071 retrusit
1445 4021 1677 4088 Bentley
1715 4022 1847 4088 (cod.
1885 4023 2058 4089 Torr.)
2162 4026 2191 4072 9
2221 4022 2367 4075 lecto
2407 4024 2474 4075 N
2570 4027 2635 4074 10
2673 4021 2852 4075 tradit

551 4100 773 4153 MLPS
937 4105 1001 4151 13
1042 4101 1095 4169 e]
1133 4099 1193 4151 in
1232 4100 1463 4166 Lipsius
1632 4104 1696 4151 15
1735 4117 2065 4168 pomparum
2106 4103 2412 4155 HRXNG⁸
2578 4108 2640 4154 17
2683 4103 2849 4155 cuba-

549 4177 711 4247 bant]
743 4181 811 4244 εἴ.
828 4196 885 4247 p.
912 4184 1033 4245 176,
1056 4186 1128 4232 1⁸
1241 4185 1305 4231 18
1337 4179 1609 4246 quidnam
1638 4197 1804 4248 usque
1824 4181 2222 4247 quaerentibus
2245 4198 2343 4234 om.
2371 4183 2421 4234 G
2531 4188 2598 4234 20
2630 4182 2850 4251 apellen

550 4263 710 4325 (app-
728 4260 779 4325 ὃ)
794 4260 909 4324 Ηδ,
931 4259 1220 4328 appellent
1233 4261 1318 4323 M,
1341 4259 1619 4327 appellem
1641 4262 1697 4328 (p
1720 4261 1948 4327 simplex
1968 4262 2028 4313 in
2049 4262 2218 4328 Syr-el.
2332 4268 2396 4314 21
2422 4262 2768 4315 consuluisse
2783 4264 2858 4315 M

553 4343 620 4389 24
666 4338 980 4391 demetetur
1022 4341 1313 4393 Reinesius
1362 4340 1674 4408 (Graevius)
1833 4345 1899 4392 28
1939 4342 2117 4394 omnis
2171 4342 2298 4395 aeui
2345 4342 2634 4395 hominum
2673 4358 2849 4410 genus

553 4421 750 4487 (genus
781 4435 880 4472 om.
915 4420 1034 4488 ΡΩ)
1064 4419 1472 4489 MGL(P¹.2>Q‚
1515 4436 1679 4472 omne
1707 4437 1883 4489 genus
1914 4421 2204 4473 hominum
2236 4421 2444 4487 PfflR,
2482 4437 2642 4474 omne
2671 4421 2850 4473 homi-

548 4515 683 4549 num
721 4515 897 4566 genus
926 4500 1095 4564 STN,
1138 4515 1297 4552 omne
1337 4506 1464 4553 ante
1503 4499 1684 4552 omnis
1723 4501 1849 4553 add.
1886 4501 2157 4555 Graevius
2196 4503 2432 4571 Bladviy
