3325 5209
1230 399 1447 454 DIVVS
1487 400 1698 453 TITVS
1737 412 1868 460 [cn.
1898 412 2021 461 8-9]
2641 400 2769 464 331

475 585 697 630 caesos
725 585 798 628 ac
824 563 1177 628 nouissime
1206 563 1536 628 traductos
1566 586 1682 646 per
1711 563 2168 647 amphitheatri
2202 563 2505 628 harenam
2539 564 2775 647 partim

473 671 679 736 subici
737 693 814 737 ac
867 672 1086 735 uenire
1141 671 1512 754 imperauit,
1575 672 1807 754 partim
1867 671 1935 734 in
1991 671 2370 755 asperrimas
2418 670 2774 735 insularum

476 777 681 844 auehi.
757 782 956 861 utque
986 779 1179 842 etiam
1219 778 1455 842 similia
1495 778 1749 862 quando
1790 799 1912 860 que
1954 798 2222 842 ausuros
2261 780 2572 862 perpetuo
2604 799 2776 842 coer-

475 889 663 969 ceret,
725 886 936 949 uetuit
999 886 1169 949 inter
1224 888 1434 950 cetera
1491 885 1569 948 de
1626 885 1844 948 eadem
1902 906 1970 947 re
2028 884 2324 968 pluribus
2370 884 2622 971 legibus
2669 885 2776 970 agi

420 1022 447 1062 5
479 994 780 1076 quaeriue
827 991 904 1056 de
951 993 1327 1075 cuiusquam
1377 991 1828 1055 defunctorum
1876 994 2049 1054 statu
2096 991 2268 1055 ultra
2305 995 2514 1056 certos
2552 1012 2772 1056 annos.

650 1098 1109 1164 Pontificatum
1162 1099 1514 1162 maximum
1564 1099 1709 1162 ideo
1758 1121 1824 1161 se
1862 1099 2190 1182 professus
2227 1099 2512 1181 accipere
2547 1102 2622 1162 ut
2659 1120 2773 1183 pu·
2820 1099 2866 1164 9

475 1227 579 1269 ras
635 1209 922 1270 seruaret
973 1228 1201 1269 manus
1212 1258 1228 1288 ,
1285 1206 1478 1269 fidem
1528 1205 1871 1289 praestitit,
1914 1227 2034 1269 nec
2080 1208 2305 1270 auctor
2350 1204 2622 1289 posthac
2668 1226 2773 1269 cu-

473 1311 768 1396 iusquam
801 1313 976 1376 necis
1014 1334 1132 1377 nec
1170 1312 1483 1393 conscius,
1531 1313 1824 1395 quamuis
1855 1313 2174 1376 interdum
2204 1311 2555 1377 ulciscendi
2584 1333 2776 1376 causa

472 1440 605 1483 non
647 1418 911 1502 deesset,
958 1419 1065 1483 sed
1115 1421 1544 1503 periturum
1593 1441 1669 1483 se
1716 1420 1978 1503 potius
2024 1438 2245 1502 quam
2292 1419 2771 1502 perditurum

390 1558 444 1596 10
473 1527 787 1590 adiurans
876 1526 1039 1590 duos
1087 1525 1344 1609 patricii
1390 1525 1642 1611 generis
1692 1526 2023 1591 conuictos
2073 1527 2139 1589 in
2186 1525 2615 1590 adfectatione
2660 1527 2773 1590 im·

471 1634 634 1719 perii
682 1631 848 1696 nihil
885 1633 1159 1716 amplius
1200 1655 1390 1716 quam
1428 1636 1502 1696 ut
1547 1632 1927 1696 desisterent
1970 1633 2239 1715 monuit,
2286 1634 2520 1697 docens
2566 1633 2772 1717 prin-

474 1740 812 1823 cipatum
885 1740 1045 1803 fato
1116 1739 1306 1822 dari,
1390 1740 1444 1803 si
1511 1739 1666 1822 quid
1731 1744 2062 1824 praeterea
2124 1739 2557 1804 desiderarent
2625 1761 2768 1825 pro·

470 1846 734 1910 mittens
783 1868 851 1909 se
895 1845 1304 1910 tributurum.
1387 1851 1450 1909 et
1497 1845 1835 1910 confestim
1885 1846 2141 1929 quidem
2199 1845 2279 1909 ad
2334 1847 2595 1911 alterius
2641 1869 2770 1911 ma-
2808 1866 2840 1912 2

472 1955 653 2035 trem,
720 1974 881 2035 quae
945 1952 1173 2036 procul
1238 1952 1476 2036 aberat,
1541 1973 1831 2016 cursores
1898 1973 2048 2016 suos
2113 1952 2310 2035 misit,
2376 1954 2490 2035 qui
2546 1953 2771 2018 anxiae

394 2089 445 2128 15
477 2059 729 2123 saluum
786 2059 991 2123 filium
1037 2059 1428 2140 nuntiarent,
1485 2063 1767 2123 ceterum
1814 2060 1989 2142 ipsos
2035 2081 2165 2122 non
2215 2059 2422 2123 solum
2468 2059 2772 2124 familiari

474 2186 662 2229 cenae
719 2165 1039 2248 adhibuit,
1095 2166 1202 2230 sed
1261 2169 1325 2229 et
1371 2166 1735 2248 insequenti
1784 2166 1884 2229 die
1932 2166 2360 2252 gladiatorum
2408 2168 2770 2250 spectaculo

474 2272 643 2338 circa
689 2295 755 2337 se
803 2295 882 2337 ex
929 2273 1243 2336 industria
1282 2273 1633 2336 conlocatis
1675 2271 1891 2335 oblata
1919 2272 2043 2335 sibi
2072 2272 2454 2336 ferramenta
2483 2295 2770 2358 pugnan-

473 2381 633 2444 tium
706 2379 1103 2463 inspicienda
1167 2381 1468 2463 porrexit.
1564 2379 1804 2443 dicitur
1858 2379 2051 2442 etiam
2115 2379 2378 2464 cognita
2437 2380 2771 2463 utriusque

471 2487 768 2572 genitura
801 2487 1192 2551 imminere
1232 2487 1596 2551 ambobus
1633 2487 2060 2570 periculum
2091 2485 2473 2567 adfirmasse,
2512 2506 2770 2550 uerum

388 2622 443 2661 20
473 2592 924 2676 quandoque
973 2599 1046 2658 et
1091 2595 1179 2657 ab
1228 2595 1410 2678 ali0,
1457 2593 1623 2659 sicut
1670 2594 1900 2657 euenit.

652 2747 680 2794 '¹1
720 2743 956 2812 Eutrop.
1000 2743 1115 2797 VII
1151 2746 1298 2807 21,2
1348 2742 1560 2795 Romae
1598 2743 1791 2794 tantae
1830 2741 2124 2795 ciuilitatis
2161 2741 2221 2794 in
2259 2740 2493 2810 imperio
2531 2739 2667 2808 fuit,
2705 2743 2771 2794 ut

469 2821 688 2875 nullum
726 2822 952 2876 omnino
988 2822 1241 2891 puniret,
1289 2823 1577 2875 conuictos
1616 2822 1916 2875 aduersum
1953 2837 2012 2875 se
2050 2824 2190 2890 (sese
2228 2822 2321 2891 al.)
2366 2820 2768 2875 coniurationis

472 2902 748 2957 dimiserit
799 2905 856 2957 et
902 2903 1016 2973 (uel
1051 2903 1272 2970 Hartel)
1318 2902 1379 2954 in
1426 2902 1624 2956 eadem
1670 2901 2063 2955 familiaritate
2107 2918 2220 2970 qua
2275 2903 2444 2955 antea
2488 2900 2767 2955 habuerit.

474 2984 625 3038 Oros
667 2984 792 3039 VII
819 2988 872 3050 9,
892 2988 963 3037 13
1019 2983 1178 3036 cuius
1224 2984 1387 3036 tanta
1432 2982 1818 3050 tranquillitas
1869 2982 1929 3035 in
1973 2982 2211 3051 imperio
2257 2980 2394 3049 fuit,
2448 2983 2513 3035 ut
2556 2981 2769 3036 nullius

471 3064 697 3117 omnino
745 3064 1078 3135 sanguinem
1122 3064 1182 3116 in
1227 3079 1287 3117 re
1323 3062 1553 3132 publica
1590 3062 2040 3115 administranda
2075 3061 2290 3116 fudisse
2333 3060 2625 3116 referatur.

473 3150 538 3196 10
551 3162 669 3213 sqq.
702 3145 887 3200 Victor
927 3145 1073 3200 Caes.
1115 3150 1203 3209 10,
1226 3146 1260 3197 3
1279 3161 1355 3212 sq.
1394 3158 1578 3211 neque
1614 3143 1800 3196 minus
1839 3145 2031 3196 sancte
2067 3141 2254 3196 facilis
2291 3142 2351 3195 in
2387 3141 2631 3209 tuendis,
2669 3141 2768 3210 qui

469 3223 613 3277 forte
650 3224 710 3277 in
749 3240 807 3279 se
836 3224 1299 3287 coniurauissent,
1331 3223 1471 3277 adeo
1499 3225 1581 3289 ut,
1620 3240 1748 3275 cum
1776 3222 2112 3291 amplissimi
2141 3221 2353 3276 ordinis
2382 3223 2493 3276 duo
2522 3223 2768 3277 abnuere

469 3304 784 3374 cogitatum
831 3304 1011 3358 scelus
1056 3304 1356 3371 nequirent
1399 3306 1703 3371 patresque
1755 3303 2102 3357 censuissent
2140 3303 2209 3356 de
2247 3301 2515 3357 confessis
2553 3301 2769 3371 suppli-

468 3383 619 3437 cium
658 3384 1005 3452 sumendum,
1044 3383 1314 3437 deductos
1351 3383 1412 3436 in
1441 3383 1826 3451 spectaculum
1857 3400 1916 3438 se
1944 3383 2228 3451 utrimque
2257 3382 2514 3437 adsidere
2541 3382 2769 3436 iusserit

469 3465 763 3532 petitoque
792 3481 860 3519 ex
887 3463 1168 3518 industria
1196 3463 1530 3533 gladiatoris
1561 3469 1729 3530 (-rum
1763 3464 1938 3532 Opim,
1974 3462 2375 3516 mirmillonum
2396 3463 2593 3532 Epa),
2630 3478 2767 3530 quo-

468 3562 592 3598 rum
629 3561 855 3616 pugnae
891 3544 1238 3608 uisebantur,
1277 3543 1470 3612 gladio
1510 3544 1672 3612 quasi
1711 3543 1785 3596 ad
1822 3542 2224 3612 explorandam
2261 3542 2443 3596 aciem
2467 3541 2568 3595 uni
2595 3546 2767 3609 atque

469 3625 634 3680 alteri
673 3625 1048 3679 committeret
1086 3624 1455 3692 (committere
1492 3625 1666 3690 codd„
1704 3623 2046 3677 commiserit
2081 3624 2277 3692 Epit.).
2343 3623 2501 3690 queis
2540 3622 2766 3692 (quibus

469 3707 649 3775 Epit.)
685 3705 957 3774 perculsis
987 3707 1043 3759 et
1072 3705 1450 3758 constantiam
1477 3702 1838 3758 mirantibus:
1877 3704 2177 3768 uidetisne,
2214 3702 2418 3772 inquit,
2453 3704 2765 3772 potestates

467 3786 589 3840 fato
627 3786 750 3840 dari
787 3786 1104 3855 frustraque
1141 3785 1412 3853 temptari
1449 3783 1671 3837 facinus
1709 3783 1971 3852 potiundi
2000 3799 2099 3852 spe
2126 3782 2219 3836 uel
2246 3782 2546 3837 amittendi
2573 3785 2767 3836 metu?

472 3868 621 3933 (inde
656 3867 941 3922 nonnullis
977 3866 1205 3921 mutatis
1236 3866 1393 3934 Epit.
1426 3870 1514 3930 10,
1536 3870 1606 3919 10
1642 3865 1742 3918 ubi
1777 3871 1905 3919 ante
1943 3864 2213 3918 deductos
2251 3863 2504 3918 additum
2539 3880 2606 3917 ex
2633 3862 2765 3918 Sue-

471 3947 622 4002 tonio
658 3948 901 4015 primum
937 3944 1236 4012 monuerit,
1273 3946 1437 4015 post).

612 4077 643 4122 2
702 4072 792 4142 ac]
831 4073 930 4124 aut
976 4071 1019 4125 S
1061 4070 1265 4140 (subici
1301 4087 1469 4139 usque
1512 4069 1725 4138 partim
1770 4086 1870 4124 om.
1901 4068 2080 4137 L¹P)‚
2134 4066 2195 4120 in
2241 4083 2430 4122 seruos
2478 4083 2544 4121 ac
2591 4066 2766 4127 ΙΡΒς

467 4152 667 4221 (ylo-ssa
710 4150 771 4204 in
817 4166 1006 4205 seruos
1052 4167 1121 4205 ss.
1170 4153 1233 4205 in
1275 4170 1300 4204 ε
1337 4151 1569 4217 aliisque
1607 4152 1659 4218 ς)
1806 4148 2114 4216 asperrima
2152 4149 2267 4204 HR
2411 4153 2441 4201 6
2479 4146 2765 4217 professus

468 4233 557 4284 est
583 4232 626 4285 S
632 4232 681 4285 Τ
820 4236 849 4283 '¹1
889 4232 1142 4287 seruaret
1169 4231 1302 4300 HQ,
1358 4232 1637 4284 seruasset
1673 4231 1767 4283 rel.
1806 4236 1857 4283 et
1881 4229 1949 4283 N
2100 4233 2130 4281 9
2178 4226 2553 4299 perditurum]
2601 4228 2765 4296 puni-

466 4312 657 4365 turum
691 4314 762 4366 Τε
800 4313 883 4381 (im
916 4313 1016 4366 hoc
1050 4328 1119 4366 ss.
1156 4309 1190 4364 i
1225 4310 1390 4380 peri-)
1546 4315 1613 4363 10
1650 4311 1843 4364 iurans
1874 4308 1973 4375 H1,
2028 4308 2316 4362 affirmans
2346 4309 2397 4364 (τ’
2434 4315 2484 4362 et
2518 4309 2582 4362 in
2618 4325 2767 4362 mar-

464 4393 594 4464 yine
637 4398 840 4446 resecta
874 4409 945 4446 m.
984 4397 1015 4445 1
1056 4391 1115 4462 <.
1138 4434 1150 4445 .
1174 4390 1364 4463 >rans
1412 4394 1532 4460 (om.
1570 4392 1627 4460 9)
1808 4388 2106 4443 affectione
2147 4387 2333 4459 GH¹Q
2514 4393 2579 4440 12
2626 4388 2766 4456 quid

472 4473 640 4539 GNe,
678 4471 831 4540 quod
858 4474 951 4526 rel.
1094 4477 1158 4525 16
1187 4474 1245 4525 et
1272 4489 1372 4526 om.
1402 4475 1461 4524 X
1482 4471 1669 4540 (Oud.)
1808 4475 1873 4522 17
1903 4470 2232 4523 ornamenta
2266 4471 2315 4521 Τ
2448 4473 2512 4521 19
2540 4468 2763 4538 uerum]

465 4555 770 4607 uenturum
805 4551 875 4605 '1''
1021 4558 1090 4606 20
1128 4553 1208 4605 sic
1251 4551 1336 4622 Gy
1374 4552 1486 4620 (sed
1523 4553 1586 4604 in
1626 4552 1678 4606 G
1713 4567 1824 4605 ras.
1862 4567 2034 4619 supra
2072 4567 2101 4603 c
2138 4555 2202 4604 ut
2235 4549 2476 4617 uidetur)
