3325 5209
595 420 725 484 302
1186 489 1201 505 ⁹
1297 419 1353 474 O.
1394 419 1708 475 SVETONI
1742 421 2188 486 TRANQVILLI

520 602 555 649 4
593 606 785 649 ausos
847 584 1166 668 opinatus.
1265 564 1461 647 nullis
1516 588 1733 648 tamen
1786 583 2098 650 infensior
2153 608 2346 668 quam
2399 585 2762 649 uernaculis
2827 588 2890 650 et
2948 598 2951 601 ’

598 690 1082 773 mathematicis,
1137 695 1211 754 ut
1266 690 1537 774 quisque
1584 691 1956 773 deferretur,
2010 692 2373 756 inauditum
2418 691 2628 775 capite
2674 692 2890 775 punie-

595 797 707 861 bat
754 797 1190 881 exacerbatuS,
1239 797 1411 880 quod
1456 801 1605 881 post
1652 797 1934 862 edictum
1980 820 2186 883 suum,
2233 820 2363 882 quo
2411 797 2675 864 iubebat
2720 800 2892 863 intra

593 904 735 968 Kal.
785 903 923 969 Oct.
959 903 1119 968 urbe
1157 902 1472 987 Italiaque
1519 905 1960 969 mathematici
2008 905 2398 989 excederent,
2446 907 2668 970 statim
2712 904 2890 969 libel-

592 1011 694 1074 lus
740 1012 1113 1095 propositus
1162 1015 1283 1093 est,
1333 1016 1405 1074 et
1455 1009 1881 1075 Chaldaeos
1930 1011 2209 1095 dicere,
2258 1012 2530 1076 bonum
2574 1010 2890 1095 factum,
2945 1039 2971 1079 5

591 1139 680 1203 ne
738 1117 1114 1182 Vitellius
1180 1116 1677 1182 Germanicus
1742 1119 1948 1182 intra
2005 1119 2318 1184 eundem
2377 1118 2888 1182 Kalendarum

522 1244 553 1292 5
593 1224 783 1288 diem
848 1247 1165 1308 usquam
1231 1228 1449 1289 esset.
1542 1229 1880 1307 suspectus
1940 1228 2004 1288 et
2064 1225 2131 1288 in
2193 1231 2400 1289 morte
2459 1227 2683 1290 matris
2743 1225 2888 1309 fuit,

594 1332 777 1415 quasi
824 1353 1050 1417 aegrae
1095 1331 1385 1414 praeberi
1435 1314 1650 1396 cibum
1698 1331 2155 1415 prohibuisset,
2210 1331 2604 1397 uaticinante
2655 1330 2888 1396 Chatta

593 1439 884 1522 muliere,
941 1439 1046 1503 cui
1102 1438 1282 1502 uelut
1342 1439 1599 1503 oraculo
1650 1438 2121 1522 adquiescebat,
2177 1440 2269 1503 ita
2316 1439 2566 1503 demum
2617 1439 2888 1502 firmiter

592 1566 666 1609 ac
704 1545 1064 1608 diutissime
1102 1544 1583 1629 imperaturum,
1623 1530 1677 1608 si
1717 1549 2038 1628 superstes
2075 1546 2327 1629 parenti
2365 1546 2701 1610 extitisset.
2777 1546 2887 1609 alii
2916 1571 2969 1612 ιο

593 1650 856 1715 tradunt
901 1651 1108 1736 ipsam
1154 1651 1365 1716 taedio
1402 1652 1837 1735 praesentium
1877 1655 1942 1715 et
1979 1653 2450 1716 imminentium
2490 1657 2668 1716 metu
2703 1674 2890 1716 uene·

590 1780 746 1822 num
794 1781 831 1821 a
876 1758 1012 1821 filio
1061 1759 1456 1842 impetrasse,
1502 1758 1676 1822 haud
1721 1780 1876 1823 sane
1921 1759 2283 1823 difficulter.

492 1866 579 1933 15
776 1861 1022 1929 Octauo
1081 1865 1334 1949 imperii
1387 1886 1605 1927 mense
1651 1865 2058 1930 desciuerunt
2103 1866 2181 1928 ab
2230 1888 2305 1929 eo
2353 1866 2668 1930 exercitus
2716 1865 2887 1929 Moe-

591 1971 831 2034 siarum
895 1975 1087 2054 atque
1147 1970 1542 2053 Pannoniae,
1609 1971 1763 2034 item
1826 1994 1905 2034 ex
1963 1972 2407 2035 transmarinis
2466 1970 2762 2035 Iudaicus
2822 1975 2888 2035 et

591 2076 961 2161 SyriaticuS,
1019 2099 1091 2141 ac
1136 2100 1286 2162 pars
1348 2079 1416 2141 in
1462 2076 1749 2141 absentis
1795 2101 1944 2161 pars
1991 2079 2059 2141 in
2103 2079 2457 2162 praesentis
2505 2078 2886 2162 Vespasiani
2915 2103 2966 2143 15

589 2185 790 2248 uerba
861 2186 1174 2247 iurarunt,
1296 2184 1373 2247 ad
1436 2184 1840 2247 retinendum
1907 2207 2060 2270 ergo
2129 2189 2485 2250 ceterorum
2551 2184 2888 2249 hominum

591 2292 875 2355 studium
925 2313 998 2355 ac
1043 2290 1335 2355 fauorem
1381 2289 1546 2353 nihil
1591 2313 1725 2354 non
1769 2291 2027 2375 publice
2072 2292 2511 2379 priuatimque
2558 2292 2736 2355 nullo
2784 2291 2888 2355 ad-

590 2397 800 2462 hibito
849 2397 1040 2461 modo
1085 2399 1357 2482 largitus
1406 2401 1518 2460 est.
1613 2397 1919 2460 dilectum
1971 2420 2232 2481 quoque
2280 2420 2354 2461 ea
2400 2400 2772 2463 condicione
2819 2400 2888 2463 in

590 2505 748 2568 urbe
796 2505 946 2590 egit,
992 2509 1066 2567 ut
1113 2505 1499 2567 uoluntariis
1537 2526 1667 2567 non
1704 2504 1896 2567 modo
1935 2505 2305 2569 missionem
2344 2511 2491 2589 post
2527 2505 2886 2588 uictoriam,

591 2612 703 2675 sed
767 2611 960 2675 etiam
1017 2615 1466 2675 ueteranorum
1524 2610 1856 2693 iustaeque
1912 2611 2181 2675 militiae
2239 2613 2572 2676 commoda
2627 2611 2887 2695 pollice·
2915 2637 2967 2676 κο

519 2737 548 2783 2
588 2721 783 2781 retur.
874 2718 1132 2802 urgenti
1179 2717 1402 2781 deinde
1449 2720 1620 2780 terra
1664 2718 1959 2799 marique
2005 2718 2179 2781 hosti
2223 2718 2377 2783 hinc
2421 2719 2689 2782 fratrem
2739 2740 2883 2781 cum

590 2825 788 2887 classe
845 2845 917 2887 ac
974 2824 1293 2888 tironibus
1350 2828 1414 2887 et
1468 2823 1902 2908 gladiatorum
1947 2847 2142 2888 manu
2193 2806 2513 2910 opposuit,
2569 2825 2720 2889 hinc
2766 2824 2883 2888 Be-

588 2930 931 2994 triacenses
989 2931 1205 3014 copias
1265 2934 1329 2993 et
1384 2930 1605 3015 duces3
1668 2934 1859 3014 atque
1914 2931 2156 3015 ubique
2211 2937 2323 2995 aut
2379 2936 2715 3016 superatus
2773 2936 2883 2995 aut

586 3038 881 3122 proditus
943 3038 1214 3100 salutem
1276 3036 1401 3100 sibi
1457 3041 1520 3100 et
1581 3037 1792 3100 milies
1854 3038 2219 3102 sestertium
2276 3061 2312 3102 a
2357 3037 2584 3103 Flauio
2643 3037 2883 3103 Sabino

731 3210 795 3257 13
835 3204 1069 3271 Eutrop.
1114 3204 1347 3269 V1118,
1378 3209 1413 3257 6
1457 3203 1627 3273 periit
1657 3247 1667 3256 .
1702 3244 1714 3256 .
1748 3245 1757 3254 .
1790 3203 2011 3272 imperii
2057 3220 2244 3257 mense
2292 3206 2492 3259 octauo
2539 3206 2596 3257 et
2643 3204 2733 3258 die
2769 3220 2882 3257 uno

586 3286 735 3353 (μιᾶς
780 3283 1159 3352 προσδεούσης
1195 3281 1402 3351 ἡμέρας
1440 3285 1669 3349 Paean„
1719 3283 1956 3352 septimo
1996 3285 2284 3353 Eumauu)
2359 3286 2517 3354 Epit.
2545 3289 2596 3349 8,
2628 3289 2659 3337 1
2707 3283 2883 3352 impe·

584 3364 736 3417 rauit
762 3380 981 3417 menses
1010 3366 1152 3417 octo.
1212 3365 1394 3418 Victor
1425 3363 1573 3417 Caes.
1605 3368 1660 3430 8,
1692 3369 1727 3417 6
1755 3364 2069 3431 tyrannidis
2100 3366 2298 3418 octauo
2327 3380 2533 3419 mense.
2595 3364 2743 3419 Oros.
2770 3365 2893 3417 VII

582 3450 633 3512 8,
664 3449 701 3498 8
740 3447 940 3498 octauo
978 3462 1147 3512 quam
1191 3461 1426 3513 regnum
1461 3448 1910 3515 praesumpserat
1946 3460 2153 3499 mense.
2311 3449 2376 3496 13
2397 3462 2478 3513 sq.
2520 3446 2702 3499 Victor
2733 3444 2880 3498 Caes.

582 3529 635 3590 8,
662 3529 701 3579 2
738 3524 1005 3591 quoniam
1040 3524 1217 3594 legati
1264 3524 1507 3578 Moesiae
1554 3524 1974 3593 Pannonicique
2011 3525 2286 3578 exercitus
2332 3524 2678 3577 hortantium
2713 3540 2880 3577 uene-

581 3606 724 3657 rant.
799 3610 850 3671 8,
882 3608 916 3658 3
954 3603 1360 3674 Vespasianum
1395 3605 1718 3674 perpulere,
1765 3603 1824 3658 in
1862 3622 2031 3673 quem
2066 3604 2181 3657 iam
2216 3603 2476 3672 Syriacae
2516 3603 2770 3657 cohortes
2809 3603 2880 3656 ob

585 3684 812 3754 egregia
856 3684 1011 3738 uitae
1060 3686 1454 3739 consenserant
1502 3685 1590 3754 (cf.
1631 3685 1776 3740 Suet.
1828 3687 1979 3753 Vesp.
2011 3686 2081 3754 6).
2247 3690 2314 3738 24
2369 3687 2550 3740 Victor
2590 3684 2734 3738 Caes.
2765 3688 2818 3750 8,
2849 3688 2883 3738 5

584 3764 847 3818 Vitellius
886 3763 957 3817 ab
988 3763 1194 3818 Sabino
1232 3764 1359 3817 urbi
1394 3764 1701 3834 praefecto,
1736 3764 2071 3834 Vespasiani
2100 3765 2289 3831 fratre,
2326 3763 2646 3817 sestertium
2673 3763 2880 3817 millies

581 3844 877 3913 pepigerat
921 3842 1147 3897 arbitris
1185 3843 1462 3897 militibus
1504 3845 1741 3914 imperio
1790 3846 2074 3900 decedere.
2145 3846 2295 3900 Oros,
2337 3845 2460 3898 VII
2476 3849 2529 3911 8,
2568 3849 2602 3897 7
2637 3844 2882 3913 primum

582 3924 861 3993 deponere
897 3923 1126 3977 molitus
1164 3923 1477 3992 imperium.

728 4074 755 4121 1
796 4067 1058 4136 opinatus
1089 4068 1244 4135 (opp-
1279 4068 1353 4137 T)
1382 4072 1450 4133 X,
1481 4067 1798 4121 obstinatus
1828 4067 1992 4137 (obti-
2023 4069 2096 4138 R)
2129 4071 2203 4123 M
2207 4071 2266 4135 Y,
2287 4067 2712 4134 obstinatosque
2746 4068 2797 4123 G-

582 4147 921 4202 diuinaculis
954 4148 1256 4213 Tua-nebus,
1295 4146 1667 4216 genethliacis
1690 4149 1943 4219 Μαᾱυὶρ,
1981 4149 2146 4203 aliter
2173 4149 2278 4202 alii
2375 4150 2432 4201 et
2459 4149 2559 4202 del.
2582 4147 2882 4202 Sabellicus

583 4233 614 4281 5
643 4228 860 4296 positus
888 4231 937 4280 Τ
1040 4226 1260 4282 edicere
1283 4228 1516 4281 Ursinus
1615 4227 1796 4280 fatum
1823 4228 1966 4283 rLS
2071 4233 2102 4281 6
2124 4228 2484 4281 calendarum
2506 4230 2581 4282 M
2678 4234 2705 4281 7
2729 4229 2881 4282 extet

582 4308 815 4377 Bentley
956 4306 1152 4360 matris
1181 4310 1360 4360 morte
1395 4308 1446 4361 G
1617 4312 1651 4361 8
1691 4307 1923 4361 chattha
1955 4310 2030 4363 M
2029 4308 2079 4362 G
2110 4308 2167 4377 (h
2189 4311 2348 4376 prior
2374 4313 2650 4377 expwncta
2678 4310 2741 4362 in
2773 4310 2882 4378 M),

583 4386 749 4438 catha
783 4389 830 4438 ‘I'
855 4387 996 4457 (11²),
1035 4389 1161 4440 cata
1190 4386 1325 4441 ΧΠ1
1473 4393 1538 4440 10
1576 4387 1678 4441 alii
1704 4389 1834 4455 ΧΝ,
1873 4390 1931 4441 et
1967 4387 2066 4441 alii
2098 4390 2270 4455 Mra,
2309 4387 2408 4442 sed
2446 4386 2547 4441 alii
2579 4387 2647 4454 G,
2685 4390 2745 4443 at
2782 4388 2881 4441 alii

584 4466 777 4518 Burm.
925 4471 993 4520 20
1030 4466 1290 4535 iustaque
1319 4467 1549 4536 Lipsius
1696 4473 1762 4519 22
1802 4469 1860 4521 et
1886 4474 2015 4536 post
2041 4467 2173 4520 hinc
2211 4468 2338 4521 add.
2360 4471 2408 4520 Τ
2546 4473 2614 4520 24
2653 4466 2762 4521 sibi
2800 4468 2879 4538 et]

583 4543 809 4597 sibimet
839 4545 909 4612 G,
947 4545 1056 4599 sibi
1097 4547 1345 4602 Valesius
