3325 5209
1134 418 1351 477 DIVVS
1392 422 1746 477 CLAVDIVS
1787 435 1916 484 [cAP.
1948 435 2070 484 1—3]
2621 423 2747 487 201

317 582 320 585 “
354 606 456 645 ιιο
472 602 570 643 a-G·
646 583 948 665 Claudius
994 591 1184 651 natus
1241 591 1337 651 est
1390 584 1559 650 Iullo
1607 585 1895 650 Antonio
1941 586 2142 651 Fabio
2190 587 2496 651 Africano
2544 608 2749 651 001133.
2780 578 2821 649 ⁶2

463 696 603 760 Kal.
644 694 809 780 Aug.
848 693 1196 780 Luguduni
1243 716 1318 758 00
1366 695 1505 777 ipso
1546 693 1648 758 die
1688 716 1816 776 quo
1854 694 2138 778 primum
2176 717 2284 758 ara
2330 693 2420 758 ibi
2459 693 2755 780 Augusto

465 803 754 867 dedicata
808 806 933 885 est,
988 801 1478 885 appellatusque
1534 801 1831 865 Tiberius
1890 800 2192 865 Claudius
2247 800 2512 865 Drusus.
2607 821 2756 864 mox

463 909 663 973 fratre
687 910 949 973 ‘maiore
996 909 1065 973 in
1109 907 1340 973 Iuliam
1399 907 1711 972 familiam
1761 908 2066 990 adoptato
2117 905 2479 971 Germanici
2527 928 2759 992 cogno-

413 1039 436 1079 5
466 1038 616 1080 111011
672 1017 1036 1098 assumpsit.
1122 1016 1333 1079 infans
1391 1018 1606 1078 autem
1662 1014 1924 1078 relictus
1973 1037 2011 1077 a
2055 1017 2238 1097 patre
2293 1035 2367 1076 30
2411 1035 2527 1097 per
2572 1035 2759 1077 omne

467 1124 599 1187 fere
646 1123 958 1206 pueritiae
1006 1126 1198 1205 atque
1217 1126 1228 1138 ’
1247 1120 1715 1195 adulescentiae
1771 1125 2027 1204 tempus
2074 1121 2271 1184 uariis
2319 1125 2383 1184 et
2428 1121 2759 1185 tenacibus

467 1230 709 1294 morbis
758 1229 1162 1294 conflictatus
1212 1233 1335 1312 est,
1394 1229 1549 1292 adeo
1597 1232 1673 1295 ut
1719 1230 1934 1293 animo
1993 1229 2186 1292 simul
2232 1232 2295 1292 et
2341 1249 2608 1311 corpore
2655 1228 2761 1291 he-

468 1336 686 1400 betato
747 1359 826 1400 ne
886 1358 1227 1422 progressa
1289 1335 1547 1419 quidem
1609 1339 1817 1400 aetate
1878 1335 1996 1398 ulli
2056 1335 2318 1418 publico
2379 1335 2762 1418 priuatoque

471 1443 718 1508 muneri
773 1443 1006 1508 habilis
1064 1440 1554 1507 existimaretur.
1631 1443 1750 1506 diu
1797 1447 1989 1526 atque
2048 1443 2240 1506 etiam
2297 1444 2447 1525 post
2493 1442 2762 1505 tutelam
2802 1455 2833 1502 2

392 1572 444 1611 10
471 1554 795 1634 receptam
860 1550 1052 1614 alieni
1118 1551 1369 1614 arbitrii
1435 1555 1499 1614 et
1554 1551 1674 1614 sub
1738 1549 2112 1634 paedagogo
2168 1550 2317 1613 fuit:
2380 1569 2570 1631 quem
2625 1549 2765 1612 bar-

472 1659 698 1722 barum
747 1664 810 1721 et
856 1657 1012 1720 olim
1060 1659 1711 1740 superiumentarium
1750 1679 1828 1720 ex
1865 1656 2180 1721 industria
2218 1656 2341 1720 sibi
2378 1655 2766 1738 appositum,

474 1768 547 1828 ut
608 1786 677 1828 se
742 1764 1256 1847 quibuscumque
1322 1764 1398 1827 de
1465 1763 1672 1827 causis
1739 1756 1931 1845 quam
2000 1762 2369 1827 saeuissime
2434 1765 2768 1844 coerceret,

477 1873 614 1955 ipse
680 1871 958 1954 quodam
1022 1870 1244 1934 libello
1310 1870 1744 1953 conqueritur.
1831 1869 1912 1932 ob
1974 1868 2140 1933 hanc
2205 1868 2471 1932 eandem
2536 1869 2768 1931 ualitu—

479 1979 692 2043 dinem
741 1982 804 2041 et
860 1977 1245 2062 gladiatorio
1293 1999 1574 2059 munere,
1616 1965 1797 2059 quod
1853 1977 2047 2040 simul
2103 1998 2247 2040 cum
2293 1975 2490 2040 fratre
2536 1997 2773 2039 memo-

397 2103 449 2143 15
477 2087 609 2148 riae
656 2086 859 2168 patris
907 2083 1162 2167 edebat,
1208 2085 1577 2168 palliolatus
1623 2105 1798 2147 nouo
1847 2105 2024 2146 more
2070 2082 2418 2166 praesedit3
2474 2086 2538 2145 et
2583 2085 2773 2165 togae

476 2191 685 2256 uirilis
734 2191 833 2254 die
890 2191 1058 2254 circa
1102 2191 1378 2254 mediam
1433 2194 1691 2254 noctem
1748 2191 1886 2254 sine
1937 2189 2233 2276 sollemni
2282 2189 2499 2253 officio
2546 2188 2775 2252 lectica

480 2301 546 2362 in
612 2296 1003 2382 Capitolium
1077 2300 1249 2362 latus
1316 2301 1427 2362 est.
1531 2297 1890 2380 disciplinis
1966 2301 2182 2360 tamen
2252 2295 2628 2359 liberalibus
2693 2295 2771 2357 ab
2804 2288 2846 2354 3

480 2409 687 2470 aetate
741 2405 950 2489 prima
1004 2426 1138 2469 non
1184 2404 1573 2469 mediocrem
1629 2425 1889 2487 operam
1947 2402 2121 2466 dedit
2176 2425 2250 2467 ac
2297 2425 2485 2486 saepe
2532 2402 2774 2484 experi-

481 2516 699 2577 menta-
744 2513 1052 2594 cuiusque
1101 2513 1293 2576 etiam
1331 2511 1708 2594 publicauit.
1791 2532 2018 2574 uerum
2056 2532 2137 2573 ne
2177 2510 2270 2574 sic
2307 2509 2564 2593 quidem
2605 2509 2777 2591 quic-

403 2637 457 2676 30
485 2641 676 2702 quam
743 2610 1078 2703 dignitatis
1143 2617 1397 2701 assequi
1464 2621 1575 2680 aut
1640 2639 1821 2700 spem
1887 2617 1963 2680 de
2029 2639 2096 2681 se
2155 2615 2652 2680 commodiorem
2709 2615 2779 2678 in

486 2730 816 2808 posterum
863 2724 1073 2788 facere
1120 2724 1351 2807 potuit.

664 2831 873 2895 Mater
936 2830 1224 2894 Antonia
1291 2834 1732 2913 portentum
1799 2817 1964 2895 eum
2026 2830 2362 2911 hominis
2421 2829 2776 2912 dictitabat,
2815 2839 2846 2884 2

485 2961 622 3004 nec
667 2938 1109 3003 absolutum
1148 2961 1186 3001 a
1221 2941 1522 3022 natura,
1571 2937 1700 3002 sed
1745 2941 2046 3000 tantum
2096 2936 2566 3020 incohatum3
2615 2957 2689 3000 ac
2727 2937 2782 2998 si

489 3069 680 3130 quem
702 3043 1029 3110 socordiae
1048 3044 1823 3131 argueret,stultiorem
1844 3045 2054 3108 aiebat
2082 3044 2258 3107 filio
2282 3064 2414 3108 suo
2437 3041 2780 3107 Claudio.

410 3167 460 3207 25
489 3154 635 3217 auia
672 3152 970 3236 Augusta
1007 3174 1125 3234 pro
1166 3151 1646 3234 despectissimo
1688 3172 1941 3235 semper
1975 3150 2222 3234 habuit,
2268 3171 2399 3214 11011
2437 3150 2618 3213 affari
2656 3150 2785 3213 nisi

490 3260 845 3342 rarissime,
900 3280 1031 3322 non
1087 3279 1346 3322 monere
1400 3258 1527 3322 nisi
1584 3257 1813 3321 acerbo
1870 3261 1936 3321 et
1992 3257 2176 3321 breui
2225 3258 2465 3340 scripto
2515 3262 2626 3320 aut
2671 3279 2786 3340 per

493 3368 927 3432 internuntios
989 3366 1194 3430 solita.
1298 3387 1481 3429 soror
1544 3364 1781 3430 Liuilla
1845 3386 1991 3429 cum
2057 3364 2338 3429 audisset
2404 3363 2787 3447 quandoque

493 3474 988 3557 imperaturum,
1054 3475 1186 3536 tam
1251 3473 1541 3559 iniquam
1606 3476 1670 3536 et
1725 3475 1856 3535 tam
1922 3472 2252 3556 indignam
2310 3462 2547 3536 sortem
2603 3494 2662 3554 p.
2712 3469 2786 3533 R.

493 3581 707 3665 palam
756 3584 820 3644 et
866 3581 1032 3644 clare
1080 3580 1396 3644 detestata
1432 3583 1545 3644 est.
1629 3602 1779 3642 nam
1817 3580 2172 3642 auunculus
2211 3580 2418 3643 maior
2454 3578 2788 3664 Augustus

385 3700 469 3779 ¹³⁵⁰
497 3689 650 3771 quid
717 3688 793 3751 de
858 3709 932 3751 eo
997 3687 1067 3751 in
1131 3691 1470 3770 utramque
1526 3690 1775 3769 partem
1838 3685 2137 3768 opinatus
2196 3686 2305 3770 sit,
2373 3709 2499 3770 quo
2557 3687 2790 3749 certius

499 3799 940 3880 cognoscatur,
988 3795 1200 3878 capita
1246 3817 1323 3857 ex
1370 3795 1578 3876 ipsius
1625 3793 1921 3876 epistulis
1968 3795 2173 3876 posui.

644 3993 672 4039 7
724 3988 905 4040 Victor
936 3989 1083 4042 Gaea
1109 3991 1169 4053 4,
1193 3993 1222 4040 1
1260 4002 1456 4039 uecors
1493 3986 1653 4038 iuxta
1693 3989 1862 4053 atque
1900 3985 2207 4040 immemor.
2268 3987 2421 4054 Epit.
2444 3990 2503 4051 4,
2526 3989 2559 4039 3
2596 4001 2792 4038 uecors

501 4071 558 4121 et
593 4083 767 4135 prope
803 4066 990 4120 hebes.

645 4243 672 4290 1
714 4235 852 4289 iulio
877 4239 945 4302 Ω,
981 4235 1102 4288 11110
1133 4237 1486 4290 Pulmannus
1608 4241 1639 4288 5
1681 4252 1746 4288 30
1783 4237 1971 4289 malim
2008 4236 2186 4290 abesse
2310 4241 2338 4288 7
2379 4238 2465 4289 est
2500 4236 2600 4289 del.
2625 4237 2792 4288 Βεντ-

502 4319 585 4388 ley
686 4321 717 4369 8
748 4317 1045 4386 priuatoue
1066 4333 1099 4375 ς
1129 4315 1406 4384 (Casaub.)
1509 4320 1538 4367 9
1569 4332 1798 4380 1111111010
1821 4315 1985 4369 Μθδ
2077 4322 2139 4369 11
2172 4312 2678 4384 supermentarium
2701 4314 2796 4367 Μ1

504 4405 568 4450 12
609 4414 777 4467 quam
817 4413 916 4451 om.
953 4397 1004 4450 G
1124 4401 1189 4449 19
1228 4413 1331 4449 nec
1362 4396 1431 4449 M
1441 4396 1569 4450 ¹PT
1682 4402 1750 4447 24
1789 4395 1979 4449 claudi
2010 4396 2096 4463 (-ii
2129 4396 2198 4464 G)
2222 4396 2418 4465 MGQ,
2456 4397 2580 4450 item
2616 4396 2697 4448 Π1
2735 4402 2798 4448 ut

501 4479 637 4545 uid„
676 4480 772 4532 ubi
810 4495 841 4530 0
880 4484 957 4532 est
993 4479 1052 4531 in
1090 4494 1199 4531 ras.
1230 4494 1297 4530 m.
1328 4480 1366 4529 2
1521 4481 1585 4529 27
1626 4475 1769 4529 liuia
1803 4476 1854 4529 G
1991 4482 2057 4529 28
2094 4479 2458 4545 regnaturum
2492 4476 2542 4530 G
2677 4480 2794 4529 tam

495 4551 769 4617 posterius
806 4566 906 4604 om.
942 4549 1037 4608 Ge
1184 4553 1249 4601 29
1290 4550 1347 4601 et
1376 4553 1504 4614 post
1539 4563 1671 4600 nam
1709 4546 1837 4601 add.
1860 4550 1907 4599 'P
1939 4549 2128 4619 (uuly.)
2275 4554 2337 4601 31
2380 4551 2717 4618 agnoscatur
2749 4552 2804 4598 X
