3325 5209
1190 417 1409 472 DIVVS
1445 417 1827 472 AVGVSTVS
1867 430 1999 479 [cu.
2029 431 2097 479 94]
2668 419 2793 483 109

491 601 630 642 rum
684 579 828 643 orbi
882 583 1125 644 natum.
1210 578 1480 645 Octauio
1528 585 1780 664 postea,
1836 602 1983 646 cum
2037 603 2152 666 per
2198 586 2441 646 secreta
2487 581 2794 646 Thraciae

491 686 840 749 exercitum
898 687 1183 769 duceret,
1243 687 1310 751 in
1356 687 1573 752 Liberi
1629 689 1832 771 patris
1887 688 2032 752 luco
2090 690 2361 753 barbara
2409 690 2795 753 caerimonia

489 792 567 855 de
613 793 751 855 filio
799 795 1178 876 consulenti,
1226 795 1398 859 idem
1447 795 1837 859 affirmatum
1888 799 1986 859 est
2032 818 2069 859 a
2116 795 2572 878 sacerdotibus,
2622 797 2793 878 quod

490 899 703 963 infuso
751 921 944 984 super
988 901 1217 965 altaria
1261 922 1439 964 mero
1489 905 1743 965 tantum
1789 902 2085 965 fiammae
2133 902 2525 985 emicuisset,
2572 906 2645 965 ut
2692 925 2792 965 su—

435 1030 462 1071 5
489 1028 824 1090 pergressa
869 1007 1202 1092 fastigium
1254 1010 1481 1092 templi
1528 1009 1608 1072 ad
1655 1009 1904 1074 caelum
1951 1032 2156 1093 usque
2202 1010 2502 1091 ferretur,
2553 1011 2792 1092 unique

490 1114 754 1177 omnino
793 1112 1032 1200 Magno
1061 1112 1428 1179 Alexandro
1468 1115 1640 1199 apud
1678 1115 1929 1179 easdem
1977 1137 2121 1180 aras
2158 1116 2542 1180 sacrificanti
2580 1115 2791 1180 simile

488 1220 890 1302 prouenisset
936 1225 1279 1285 ostentum.
1363 1226 1556 1304 atque
1604 1223 1798 1286 etiam
1846 1224 2139 1305 sequenti
2199 1222 2418 1287 statim
2465 1227 2654 1287 nocte
2699 1224 2793 1286 ui-

489 1326 637 1390 dere
684 1327 863 1392 uisus
910 1332 1009 1391 est
1056 1328 1264 1392 filium
1311 1329 1571 1393 mortali
1621 1329 1834 1413 specie
1881 1329 2277 1413 ampliorem,
2329 1350 2470 1393 cum
2521 1329 2792 1393 fulmine

490 1436 554 1495 et
602 1437 855 1516 sceptro
904 1436 1283 1518 exuuiisque
1328 1434 1503 1505 Iouis
1544 1433 1791 1519 Optimi
1830 1435 2097 1499 Maximi
2145 1457 2218 1499 ac
2254 1437 2499 1500 radiata
2538 1457 2793 1519 corona,

410 1563 463 1603 ιο
490 1560 682 1622 super
727 1540 1081 1605 laureatum
1132 1563 1415 1624 currum,
1463 1540 1562 1605 bis
1613 1543 1783 1605 senis
1831 1543 2012 1625 equis
2060 1543 2334 1607 candore
2380 1542 2617 1607 eximio
2665 1547 2790 1607 tra·

487 1644 809 1710 bentibus.
893 1646 1103 1710 infans
1160 1647 1395 1733 adhuc,
1448 1652 1522 1710 ut
1570 1649 1882 1731 scriptum
1940 1650 2112 1732 apud
2159 1648 2224 1713 C.
2264 1649 2549 1713 Drusum
2598 1653 2790 1732 extat,

488 1754 809 1835 repositus
863 1774 1130 1836 uespere
1186 1754 1255 1817 in
1311 1776 1505 1817 cunas
1571 1776 1608 1817 a
1661 1754 1991 1818 nutricula
2044 1756 2188 1820 loco
2249 1756 2474 1839 plane,
2533 1759 2791 1840 postera

488 1857 632 1922 luce
698 1880 831 1923 non
895 1861 1258 1943 comparuit
1325 1859 1559 1943 diuque
1625 1860 1955 1944 quaesitus
2020 1861 2279 1925 tandem
2346 1863 2413 1925 in
2477 1863 2791 1927 altissima

488 1967 653 2028 turri
701 1970 993 2049 repertus
1041 1970 1138 2030 est
1184 1966 1398 2032 iacens
1447 1972 1671 2030 contra
1718 1965 1875 2031 solis
1923 1972 2231 2031 exortum.

411 2095 460 2135 15
673 2071 834 2137 Cum
881 2073 1165 2157 primum
1211 2073 1333 2137 fari
1382 2074 1726 2157 coepisset,
1783 2074 1847 2136 in
1895 2074 2070 2137 auito
2128 2074 2495 2138 suburbano
2546 2075 2786 2138 obstre—

486 2179 703 2262 pentis
751 2179 918 2244 forte
955 2202 1142 2244 ranas
1182 2179 1369 2244 silere
1406 2181 1612 2262 iussit,
1651 2185 1844 2262 atque
1882 2203 1961 2244 ex
1999 2202 2074 2244 00
2113 2185 2432 2266 negantur
2467 2180 2559 2243 ibi
2597 2202 2788 2244 ranae

487 2307 772 2351 coaxare.
874 2286 949 2350 ad
1020 2291 1321 2370 quartum
1394 2285 1675 2371 lapidem
1754 2285 2114 2370 Campanae
2189 2288 2333 2350 uiae
2396 2287 2465 2351 in
2527 2308 2788 2350 nemore

485 2392 826 2475 prandenti
882 2415 959 2456 ex
1015 2394 1348 2477 inprouiso
1406 2393 1622 2477 aquila
1681 2416 1913 2476 panem
1974 2394 2031 2457 ei
2094 2380 2127 2457 e
2187 2416 2383 2457 manu
2437 2394 2650 2477 rapuit
2707 2398 2788 2475 et,

488 2519 635 2562 cum
681 2499 993 2564 altissime
1049 2501 1395 2583 euolasset,
1451 2522 1674 2564 rursus
1732 2523 1809 2564 ex
1864 2501 2196 2584 inprouiso
2251 2500 2484 2564 leniter
2528 2499 2787 2583 delapsa

410 2627 462 2667 20
491 2605 783 2670 reddidit.

666 2711 736 2787 Q.
778 2710 1043 2777 Catulus
1101 2717 1251 2796 post
1307 2714 1670 2778 dedicatum
1721 2713 2112 2798 Capitolium
2170 2713 2417 2778 duabus
2465 2715 2787 2778 continuis

486 2817 786 2882 noctibus
826 2821 1199 2884 somniauit:
1236 2821 1464 2904 prima,
1500 2819 1723 2884 Iouem
1764 2818 2099 2904 Optimum
2137 2821 2494 2884 Maximum
2535 2843 2569 2884 e
2610 2842 2788 2904 prae-

487 2925 750 2988 textatis
780 2925 1220 3007 compluribus
1241 2928 1481 2991 circum
1503 2949 1680 2991 aram
1701 2927 2072 2992 ludentibus
2094 2950 2295 2992 unum
2326 2927 2675 2991 secreuisse
2698 2931 2787 2991 at-

488 3053 611 3114 que
640 3031 710 3095 in
738 3033 874 3096 eius
906 3033 1118 3096 sinum
1149 3033 1399 3118 signum
1433 3035 1525 3097 rei
1562 3056 1621 3117 p.
1654 3034 1827 3117 quod
1858 3057 2051 3097 manu
2089 3039 2368 3120 gestaret
2397 3034 2786 3117 reposuisse3

407 3159 458 3199 111
487 3142 554 3201 at
607 3139 999 3223 insequenti,
1066 3139 1592 3205 animaduertisse
1650 3163 1718 3205 se
1775 3141 1840 3203 in
1897 3141 2142 3224 gremio
2202 3140 2551 3223 Capitolini
2609 3139 2783 3204 Iouis

482 3415 718 3466 uentum
756 3414 872 3467 iam
909 3430 1058 3466 nunc
1097 3415 1154 3465 et
1192 3411 1396 3481 Caspia
1432 3429 1607 3482 regna
1651 3414 1935 3481 responsis
1973 3413 2201 3466 horrent
2239 3413 2457 3484 diuum]
2498 3414 2649 3482 quod
2687 3431 2786 3466 au-

482 3496 597 3547 tem
638 3493 779 3548 dicit
814 3511 1012 3548 uerum
1051 3495 1160 3547 est:
1200 3509 1333 3545 nam
1371 3495 1429 3547 et
1468 3493 1769 3546 Suetonius
1808 3493 1891 3546 ait
1927 3495 1987 3546 in
2024 3493 2148 3547 uita
2177 3492 2475 3547 Caesarum
2509 3492 2785 3562 (Caesaris

483 3575 596 3627 cod.
631 3576 847 3644 Reyin„
885 3574 1194 3643 Stephanus
1231 3581 1280 3627 et
1309 3575 1557 3642 Daniel),
1596 3589 1865 3643 responsa
1904 3590 2024 3627 esse
2063 3574 2200 3626 data
2236 3589 2338 3641 per
2373 3576 2557 3627 totum
2594 3574 2783 3628 orbem

481 3654 639 3707 nasci
678 3654 956 3708 inuictum
994 3654 1408 3722 imperatorem.

486 3801 587 3808 .—

627 3909 659 3954 4
688 3904 859 3957 altari
878 3906 933 3960 R
1042 3903 1266 3956 flamma
1290 3903 1484 3957 Medd.
1504 3904 1631 3970 fort.
1652 3908 1790 3955 reete
1890 3908 1921 3954 5
1952 3901 2199 3969 olimque
2218 3906 2276 3954 X
2370 3908 2401 3955 6
2432 3902 2784 3955 sacrificante

488 3983 561 4033 M
563 3982 611 4033 G
705 3989 734 4036 7
755 3985 1080 4051 prouenisse
1101 3985 1334 4052 Bentley
1434 3988 1465 4035 9
1496 3981 1828 4048 exubiisque
1848 3985 1994 4050 (0110-
2027 3984 2099 4051 V)
2121 3982 2194 4034 M
2196 3982 2247 4035 G
2259 3982 2364 4037 VR
2458 3987 2520 4035 11
2545 3982 2626 4052 C.]
2650 3981 2785 4035 Cae-

486 4077 667 4114 sarem
690 4065 900 4117 Mz'o‘ller
918 4064 1072 4132 apud
1091 4066 1161 4117 B.
1166 4065 1451 4119 -C'rusium
1572 4069 1637 4115 12
1670 4077 1814 4115 cuna
1846 4065 1897 4117 V
2011 4069 2075 4115 15
2107 4063 2267 4115 auitu
2287 4062 2401 4130 (-tii
2424 4063 2494 4153 G)
2510 4063 2786 4127 MGIP1,

485 4141 644 4193 auita
671 4142 715 4196 S
864 4148 931 4195 22
971 4144 1025 4213 e]
1065 4160 1132 4197 ex
1161 4145 1216 4208 S,
1254 4160 1354 4197 om.
1390 4145 1438 4196 ‘I'
1591 4148 1659 4195 24
1698 4142 1757 4194 in
1796 4141 1917 4196 eius
1948 4142 2133 4195 sinum
2163 4143 2367 4210 (sinum
2398 4142 2515 4197 eius
2548 4144 2599 4196 L
2603 4144 2783 4210 POT)

483 4220 708 4289 signum
728 4225 784 4274 X
788 4225 847 4288 Y
875 4222 934 4274 in
965 4222 1085 4275 eius
1115 4224 1339 4293 signum
1361 4223 1434 4275 Μ
1436 4223 1486 4277 G
1500 4224 1584 4277 Va
1610 4222 1664 4292 ('
1669 4223 1795 4276 011111
1823 4222 1941 4277 ad
1946 4221 2128 4292 'signu
2156 4225 2218 4276 in
2246 4240 2416 4293 τηατ-9.
2449 4223 2625 4277 adeor
2650 4225 2723 4275 M
2727 4227 2784 4291 ²),

480 4301 541 4353 in
590 4301 709 4355 01110
749 4301 933 4354 sinum
971 4303 1203 4372 Bentley
1241 4304 1428 4371 (Roth)
1606 4303 1693 4356 rei
1730 4321 1784 4371 p.
1823 4304 1975 4370 quod
2014 4307 2081 4368 X,
2118 4302 2201 4356 rei
2237 4320 2291 4370 p.
2333 4306 2398 4371 (R
2431 4322 2475 4353 Ρ·
2506 4303 2575 4369 G)
2560 4308 2785 4370 >quam

481 4383 615 4449 (qua
644 4384 716 4451 V)
740 4384 809 4436 M
816 4382 993 4447 GV'I'
1029 4398 1148 4435 rem
1175 4400 1229 4451 p.
1262 4398 1432 4448 quam
1453 4384 1489 4435 ὃ
1507 4384 1780 4452 (Bentley,
1803 4385 1986 4452 Roth),
2010 4383 2224 4436 Romae
2254 4383 2406 4450 quod
2427 4384 2660 4451 Lipsius
2689 4383 2786 4451 (εἰ-

480 4460 623 4515 κόνα
660 4461 791 4517 τινὰ
829 4470 926 4532 τῆς
955 4459 1166 4532 Ῥώμης
1203 4463 1319 4515 Dio
1347 4465 1436 4528 45,
1455 4465 1513 4531 2)
1656 4464 2001 4531 reposuisset
2030 4464 2091 4531 V,
2129 4463 2484 4531 respondisse
2510 4463 2559 4516 G
2598 4466 2784 4530 (spon-

482 4542 566 4594 dis
597 4544 697 4597 del.
720 4561 788 4596 m.
810 4550 836 4596 1
868 4549 927 4596 at
953 4559 1068 4597 non
1096 4545 1256 4609 corr.)
1404 4547 1470 4595 25
1512 4541 1583 4594 ad
1608 4543 1678 4607 G,
1716 4545 1886 4611 atque
1929 4546 1976 4596 Τ
2121 4560 2179 4596 00
2218 4561 2318 4598 om.
2354 4543 2403 4596 G
