3325 5209
1110 378 1326 432 DIVVS
1364 378 1745 434 AVGVSTVS
1785 390 1915 439 [cAP.
1946 392 2120 440 29—31]
2648 381 2733 444 69

623 540 918 625 Spatium
972 542 1153 606 urbis
1209 542 1278 605 in
1330 542 1627 629 regiones
1683 543 1989 627 uicosque
2037 542 2260 606 diuisit
2305 542 2732 627 instituitque,
2751 543 2845 609 30

442 650 516 712 ut
560 647 706 711 illas
760 646 957 711 annui
1009 648 1426 734 magistratus
1482 648 1715 713 sortito
1769 653 2129 732 tuerentur,
2185 648 2304 713 hos
2358 649 2678 735 magistri.
2700 671 2735 713 e

440 753 629 838 plebe
703 753 1012 839 cuiusque
1081 754 1355 818 uiciniae
1427 755 1596 819 lecti.
1697 755 2003 819 aduersus
2076 755 2370 820 incendia
2434 756 2735 820 excubias

437 864 788 926 nocturnas
832 861 1191 947 uigilesque
1239 864 1638 926 commentus
1676 866 1799 947 est3
1844 862 1927 926 ad
1964 863 2340 928 coercendas
2377 862 2736 927 inundatio-

387 993 411 1032 5
438 990 552 1032 nes
618 968 873 1032 alueum
936 967 1189 1031 Tiberis
1247 968 1493 1032 laxauit
1552 990 1626 1033 ac
1693 969 2068 1055 repurgauit
2127 970 2519 1052 completum
2578 969 2771 1047 olim*

440 1074 780 1139 ruderibus
817 1077 882 1138 et
919 1074 1354 1139 aedificiorum
1390 1075 1865 1159 prolationibus
1902 1079 2281 1140 coartatum.
2355 1098 2482 1158 quo
2520 1081 2735 1142 autem

438 1181 692 1245 facilius
751 1181 1033 1264 undique
1094 1182 1249 1245 urbs
1309 1182 1616 1266 adiretur,
1679 1182 2015 1266 desumpta
2074 1182 2198 1246 sibi
2255 1181 2574 1248 Flaminia
2628 1184 2735 1247 uia

439 1286 735 1352 Arimino
782 1291 970 1352 tenus
1017 1288 1360 1352 munienda
1405 1289 1685 1373 reliquas
1731 1289 2232 1373 triumphalibus
2275 1290 2436 1353 uiris
2483 1311 2558 1353 ex
2606 1311 2733 1351 ma·
2789 1341 2795 1348 .

436 1394 685 1458 nubiali
730 1395 1002 1478 pecunia
1046 1395 1418 1460 sternendas
1467 1395 1815 1462 distribuit.

363 1527 413 1565 10
615 1500 827 1566 Aedes
873 1522 1083 1565 sacras
1129 1505 1450 1566 uetustate
1497 1504 1831 1588 conlapsas
1877 1508 1990 1569 aut
2026 1503 2321 1568 incendio
2360 1502 2731 1584 absumptas
2769 1521 2801 1569 2

436 1608 660 1672 refecit
716 1629 949 1691 easque
1004 1611 1069 1671 et
1126 1612 1367 1672 ceteras
1429 1609 1934 1693 opulentissimis
1991 1610 2175 1674 donis
2230 1607 2594 1691 adornauit,
2657 1609 2731 1670 ut

438 1714 550 1798 qui
595 1714 664 1777 in
711 1714 938 1778 cellam
977 1712 1327 1798 Capitolini
1373 1713 1547 1779 Iouis
1596 1716 1871 1781 sedecim
1913 1717 2093 1780 milia
2127 1717 2342 1800 pondo
2382 1715 2523 1780 auri
2558 1735 2731 1800 gem-

436 1843 699 1904 masque
755 1843 827 1885 ac
881 1821 1265 1907 margaritas
1320 1822 1727 1908 quingenties
1773 1824 2139 1887 sestertium
2194 1846 2322 1886 una
2387 1822 2731 1887 donatione

437 1928 798 1992 contulerit.
906 1933 1251 2013 postquam
1323 1951 1478 2001 uero
1552 1931 2004 2014 pontificatum
2075 1931 2430 1994 maximum
2449 1981 2466 2014 ,
2537 1949 2729 2011 quem
2747 1928 2833 1994 31

360 2056 411 2096 15
437 2054 790 2118 numquam
850 2037 1004 2100 uiuo
1068 2035 1312 2119 Lepido
1373 2036 1622 2100 auferre
1680 2038 2100 2121 sustinuerat,
2159 2040 2416 2101 mortuo
2473 2034 2728 2098 demum

436 2142 733 2225 suscepit,
780 2142 1093 2226 quidquid
1137 2143 1548 2207 fatidicorum
1600 2144 1918 2208 librorum
1968 2142 2194 2208 Graeci
2238 2142 2580 2224 Latinique
2625 2162 2731 2226 ge-

433 2248 605 2312 neris
668 2248 865 2311 nullis
924 2250 1029 2313 uel
1089 2273 1318 2333 parum
1377 2250 1624 2314 idoneis
1695 2251 2065 2315 auctoribus
2125 2250 2325 2336 uulgo
2384 2248 2728 2332 ferebatur,

435 2376 627 2438 supra
674 2355 800 2419 duo
846 2356 1027 2419 milia
1073 2360 1400 2420 contracta
1446 2357 1728 2441 undique
1775 2357 2084 2422 cremauit
2129 2378 2202 2422 ac
2242 2357 2416 2421 solos
2459 2353 2729 2418 retinuit

436 2459 815 2545 Sibyllinos,
879 2461 998 2526 hos
1064 2485 1319 2547 quoque
1384 2463 1621 2527 dilectu
1687 2464 1939 2548 habit03
2002 2463 2415 2547 condiditque
2476 2460 2726 2525 duobus

351 2588 405 2627 πο
431 2568 661 2631 forulis
721 2569 963 2632 auratis
1023 2570 1143 2633 sub
1202 2569 1482 2634 Palatini
1536 2569 1861 2654 Apollinis
1923 2572 2075 2636 basi.
2168 2593 2405 2635 annum
2465 2592 2503 2632 a
2561 2567 2726 2631 Diuo
2765 2585 2797 2633 2

434 2672 602 2738 Iulio
660 2675 1053 2760 ordinatum,
1110 2677 1221 2740 sed
1274 2682 1500 2761 postea
1553 2678 1963 2764 neglegentia
2018 2678 2473 2743 conturbatum
2534 2679 2727 2758 atque

435 2780 804 2864 confusum,
868 2804 1088 2846 rursus
1154 2784 1235 2846 ad
1298 2784 1636 2867 pristinam
1701 2785 2017 2849 rationem
2073 2786 2346 2871 redegit3
2410 2784 2481 2847 in
2544 2782 2726 2847 cuius

435 2888 839 2952 ordinatione
905 2887 1211 2953 Sextilem
1278 2911 1565 2954 mensem
1621 2913 1655 2955 e
1712 2914 1827 2955 suo
1889 2893 2269 2978 cognomine
2327 2889 2727 2974 nuncupauit

432 2996 640 3081 magis
696 3018 887 3078 quam
946 2994 1387 3079 Septembrem
1444 3020 1570 3081 quo
1629 3003 1767 3062 erat
1819 3004 2009 3063 natus
2018 3051 2035 3084 ,
2094 2999 2265 3083 quod
2322 2998 2445 3063 hoc
2489 2998 2616 3062 sibi
2662 3002 2727 3060 et

350 3121 404 3162 25
432 3102 678 3186 primus
744 3102 1112 3166 consulatus
1175 3107 1238 3167 et
1305 3104 1591 3191 insignes
1651 3105 1962 3170 uictoriae
2027 3106 2430 3190 optigissent.
2525 3124 2726 3167 sacer·
2765 3119 2796 3167 3

435 3207 656 3271 dotum
696 3212 760 3271 et
794 3231 1135 3273 numerum
1173 3213 1237 3274 et
1274 3210 1653 3296 dignitatem
1694 3212 1807 3276 sed
1843 3216 1907 3276 et
1945 3212 2279 3277 commoda
2317 3211 2513 3295 auxit,
2548 3233 2725 3294 prae-

434 3315 616 3398 cipue
643 3313 1005 3380 Vestalium
1043 3316 1390 3401 uirginum.
1460 3339 1732 3402 cumque
1770 3319 1841 3382 in
1877 3319 2246 3382 demortuae
2282 3319 2496 3383 locum
2534 3317 2725 3381 aliam

432 3423 573 3505 capi
622 3426 949 3506 oporteret
1003 3422 1447 3506 ambirentque
1494 3426 1685 3489 multi
1730 3448 1812 3500 ne
1869 3425 2037 3489 filias
2083 3426 2152 3490 in
2197 3430 2435 3492 sortem
2485 3424 2724 3506 darent,

430 3528 776 3613 adiurauit,
836 3529 891 3593 si
959 3529 1338 3614 cuiusquam
1396 3532 1689 3615 neptium
1761 3555 2020 3596 suarum
2081 3536 2473 3617 competeret
2532 3534 2723 3614 aetas,

349 3656 404 3694 30
433 3634 803 3699 oblaturum
861 3656 927 3699 se
983 3635 1182 3700 fuisse
1229 3659 1388 3701 eam.
1469 3639 1781 3702 nonnulla
1836 3640 2029 3703 etiam
2077 3662 2155 3703 ex
2201 3639 2484 3722 antiquis
2529 3639 2723 3702 caeri-
2759 3654 2794 3702 4

577 3833 642 3881 10
681 3829 958 3884 Einhard.
992 3834 1061 3884 17
1099 3830 1267 3883 aedes
1308 3846 1494 3884 sacras
1526 3872 1539 3884 .
1564 3874 1608 3884 ..
1641 3833 1927 3885 uetustate
1966 3832 2277 3901 conlapsaS.

573 4011 604 4059 3
641 4005 886 4060 uiciniae
924 4007 1059 4060 lecti
1089 4012 1146 4060 X
1149 4005 1164 4025 ‘
1196 4008 1402 4080 (uicine
1430 4008 1564 4062 lecti
1593 4010 1690 4076 ΡΙ,
1726 4011 1902 4063 uicini
1931 4009 2099 4064 electi
2134 4013 2221 4079 T),
2261 4010 2473 4063 uicinia
2511 4012 2629 4078 (-na
2655 4010 2722 4079 Q)

429 4086 595 4140 electi
636 4090 711 4141 M
724 4091 783 4154 T,
822 4088 1031 4160 uicinis
1070 4088 1237 4142 electi
1270 4091 1338 4155 G,
1376 4090 1489 4142 uici
1528 4089 1792 4159 quaterni
1832 4090 1996 4144 electi
2028 4091 2221 4145 Modd.
2370 4096 2401 4143 5
2442 4106 2721 4160 repugna-

426 4167 514 4220 uit
543 4168 664 4233 VH,
700 4169 970 4237 purgauit
1008 4168 1091 4223 R²
1226 4175 1257 4221 6
1286 4169 1742 4240 prolapsionibus
1771 4170 2030 4237 (PFOT,
2067 4170 2287 4240 prolax-
2303 4170 2370 4225 8²
2508 4175 2570 4223 11
2604 4185 2720 4226 eas-

427 4263 536 4314 que
573 4263 674 4301 om.
701 4248 752 4301 G
896 4249 984 4319 ut]
1015 4251 1214 4317 utpote
1250 4252 1298 4301 Τ
1439 4256 1504 4304 13
1545 4251 1790 4305 sestertii
1829 4254 1877 4306 I.
1901 4251 1970 4304 F.
1992 4251 2228 4305 Gronov.
2268 4252 2357 4320 (cf.
2397 4250 2472 4304 ad
2508 4250 2617 4304 Iul.
2650 4254 2723 4304 50

418 4346 476 4396 p.
506 4332 598 4394 26,
626 4332 720 4396 24)
887 4333 952 4381 19
994 4327 1216 4382 delectu
1246 4328 1369 4383 HR
1514 4332 1771 4385 condidit
1801 4333 1853 4385 V
2003 4336 2071 4383 20
2111 4347 2321 4403 annum
2360 4330 2491 4384 diuo
2523 4332 2598 4384 M
2608 4330 2721 4396 Ge,

426 4416 572 4489 anub
611 4436 721 4488 duo
760 4436 860 4504 (sic
886 4453 954 4489 m.
977 4436 1031 4506 1)
1055 4436 1116 4502 V,
1155 4451 1342 4488 annua
1371 4435 1504 4492 diuo
1540 4438 1599 4507 Q,
1640 4454 1788 4491 anno
1821 4454 1854 4490 a
1885 4438 2017 4491 diuo
2040 4438 2117 4492 Ρι
2262 4443 2330 4491 23
2369 4437 2720 4491 ordinatione

430 4515 558 4582 GT,
597 4532 752 4569 -nem
778 4517 873 4570 rel.
904 4517 997 4585 (Ω)
1143 4520 1211 4567 28
1247 4532 1317 4568 ne
1356 4532 1457 4570 om.
1501 4516 1552 4569 G
1698 4518 1861 4571 daret
1903 4519 1996 4577 Τς
