3325 5209
625 418 756 482 244
1330 417 1385 471 c,
1426 416 1740 471 SVETONI
1777 416 2222 482 TRANQVILLI

626 583 782 645 ad'eo
831 587 1012 668 grate
1057 581 1427 665 recipiebat,
1471 584 1545 644 ut
1589 580 1870 666 legatos,
1916 580 2028 662 qui
2073 579 2505 663 pertulissent,
2551 601 2682 643 non
2730 581 2923 645 modo

628 690 871 772 primos
918 688 1300 771 admitteret,
1348 688 1461 751 sed
1507 688 1702 750 etiam
1750 686 2177 750 familiaribus
2222 685 2433 768 epulis
2469 686 2924 770 interponeret.

626 818 665 858 a
711 796 1096 879 quibusdam
1147 818 1224 860 ex
1279 795 1381 858 his
1429 797 1694 878 rogatus
1742 798 1815 857 ut
1864 796 2149 858 cantaret
2198 815 2388 876 super
2444 814 2694 876 cenam,
2748 815 2925 858 exce-

625 907 904 986 ptusque
933 902 1215 984 effusius,
1237 901 1447 965 solos
1477 902 1674 964 scire
1703 901 1968 964 audire
1998 898 2325 963 Graecos
2356 902 2716 984 solosque
2746 922 2821 964 se
2851 905 2926 964 et

626 1009 907 1073 studiis
956 1009 1118 1072 suis
1156 1007 1427 1093 dignos
1467 1008 1572 1070 ait.
1656 1029 1775 1071 nec
1816 1007 2214 1089 profectione
2262 1005 2480 1089 dilata,
2525 1011 2598 1069 ut
2643 1008 2924 1090 primum
2986 1032 3012 1070 5

629 1114 979 1198 Cassiopen
1027 1115 1293 1197 traiecit,
1343 1114 1559 1179 statim
1610 1115 1690 1177 ad
1735 1136 1911 1178 aram
1957 1112 2131 1177 Iouis
2173 1111 2373 1177 Cassii
2415 1117 2670 1177 cantare
2717 1114 2926 1197 auspi-

522 1220 610 1285 23
629 1227 808 1286 catus
867 1222 1213 1286 certamina
1272 1221 1570 1303 deinceps
1628 1219 1791 1284 obiit
1850 1220 2080 1284 omnia.
2171 1242 2322 1284 nam
2379 1224 2443 1283 et
2503 1242 2665 1303 quae
2722 1221 2925 1284 diuer—

628 1328 1028 1393 sissimorum
1075 1333 1440 1411 temporum
1489 1330 1656 1409 sunt,
1705 1327 1850 1411 cogi
1890 1327 1959 1389 in
1998 1349 2198 1390 unum
2239 1349 2495 1409 annum,
2544 1327 2926 1410 quibusdam

629 1436 818 1499 etiam
882 1435 1157 1517 iteratis,
1217 1434 1407 1497 iussit
1463 1438 1528 1496 et
1574 1431 1916 1517 Olympiae
1979 1454 2234 1516 quoque
2289 1437 2544 1516 praeter
2591 1438 2926 1499 consuetu-

629 1542 840 1605 dinem
889 1541 1206 1605 musicum
1263 1561 1472 1625 agona
1528 1539 1868 1603 commisit.
1955 1561 2027 1603 ac
2073 1562 2155 1603 ne
2204 1541 2360 1622 quid
2410 1540 2578 1604 circa
2623 1539 2781 1605 haec
2827 1561 2921 1604 oc·
2960 1564 3015 1602 lo

630 1652 933 1731 cupatum
994 1651 1291 1711 auocaret
1357 1645 1778 1729 detineretue,
1840 1667 1986 1710 cum
2054 1647 2411 1728 praesentia
2474 1647 2613 1711 eius
2676 1647 2927 1711 urbicas

628 1777 729 1819 res
777 1776 962 1839 egere
1008 1777 1045 1817 a
1090 1754 1325 1818 liberto
1383 1752 1576 1817 Helio
1633 1753 2110 1835 admoneretur,
2166 1754 2494 1836 rescripsit
2541 1753 2642 1817 his
2689 1754 2928 1818 uerbis:

632 1862 979 1943 quamuis
1025 1883 1223 1924 nunc
1269 1864 1483 1925 tuum
1530 1860 1945 1923 consilium
1993 1861 2096 1924 sit
2140 1864 2215 1925 et
2261 1864 2524 1925 uotum
2574 1860 2931 1924 celeriter

628 1968 919 2032 reuerti
966 1990 1106 2051 me,
1153 1972 1405 2031 tamen
1452 1967 1773 2031 suadere
1819 1970 1892 2029 et
1941 1970 2209 2050 optare
2247 1968 2510 2051 potius
2548 1967 2801 2050 debes,
2848 1971 2931 2031 ut

630 2073 932 2139 Nerone
980 2075 1257 2159 dignus
1303 2076 1666 2137 reuertar.
2964 2096 3016 2136 15

566 2198 598 2245 2
817 2180 1128 2245 Cantante
1184 2203 1257 2244 eo
1314 2203 1395 2244 ne
1450 2180 1807 2244 necessaria
1864 2180 2123 2263 quidem
2171 2201 2364 2245 causa
2408 2180 2710 2244 excedere
2755 2181 2931 2244 thea-

632 2292 732 2352 tro
778 2286 1031 2351 licitum
1079 2291 1191 2351 est.
1276 2287 1495 2369 itaque
1543 2291 1607 2350 et
1653 2286 1877 2349 enixae
1928 2287 2238 2369 quaedam
2295 2288 2362 2350 in
2410 2287 2794 2369 spectaculis
2841 2287 2931 2350 di-

633 2399 867 2457 cuntur
924 2398 989 2456 et
1044 2394 1233 2457 multi
1292 2394 1504 2458 taedio
1552 2393 1851 2456 audiendi
1897 2392 2325 2476 laudandique
2384 2394 2617 2458 clausis
2666 2394 2932 2478 oppido-

632 2524 775 2564 rum
821 2500 1028 2584 portis
1077 2503 1188 2564 aut
1233 2500 1459 2564 furtim
1508 2501 1841 2564 desiluisse
1890 2501 1966 2564 de
2014 2522 2197 2564 muro
2237 2504 2348 2564 aut
2386 2505 2594 2565 morte
2632 2502 2932 2565 simulata

632 2608 854 2671 funere
902 2606 1072 2672 elati.
1156 2629 1347 2691 quam
1395 2612 1610 2671 autem
1647 2607 1901 2690 trepide
1940 2609 2253 2690 anxieque
2290 2609 2648 2691 certauerit,
2696 2612 2934 2691 quanta
2964 2629 3020 2667 20

632 2713 1146 2777 aduersariorum
1220 2713 1676 2797 aemulatione,
1752 2735 1880 2796 quo
1958 2719 2135 2778 metu
2200 2715 2512 2796 iudicum,
2586 2716 2698 2778 uix
2762 2715 2934 2778 credi

633 2824 867 2904 potest.
943 2821 1370 2902 aduersarios,
1428 2821 1615 2902 quasi
1670 2822 1861 2904 plane
1922 2821 2316 2885 condicionis
2364 2821 2675 2906 eiusdem,
2722 2821 2934 2885 obser-

633 2949 812 3010 uare,
877 2931 1162 3010 captare,
1225 2927 1536 2990 infamare
1602 2932 1877 3008 secreto,
1954 2948 2437 3009 nonnumquam
2514 2949 2593 2990 ex
2668 2948 2934 2992 occursu

635 3035 991 3098 maledictis
1037 3035 1351 3099 incessere
1399 3056 1490 3117 ac,
1539 3035 1594 3098 si
1641 3034 1753 3117 qui
1805 3038 1940 3098 arte
1987 3034 2471 3117 praecellerent,
2519 3055 2935 3119 conrumpere

562 3158 594 3203 3
635 3141 826 3205 etiam
884 3140 1149 3205 solebat.
1234 3140 1477 3204 iudices
1535 3144 1752 3205 autem
1809 3142 1987 3223 prius
2047 3164 2241 3224 quam
2287 3143 2599 3224 inciperet
2643 3163 2934 3205 reueren-
2964 3159 3020 3199 85

634 3247 881 3311 tissime
953 3246 1445 3330 adloquebatur,
1520 3247 1773 3312 omnia
1848 3269 1923 3311 se
1998 3248 2355 3312 facienda
2427 3248 2733 3331 fecisse,
2808 3248 2936 3311 sed

633 3357 987 3418 euentum
1037 3354 1113 3416 in
1150 3375 1371 3417 manu
1411 3376 1573 3417 esse
1615 3353 2033 3438 Fortunae3
2081 3354 2263 3419 illos
2303 3360 2385 3419 ut
2433 3355 2815 3437 sapientis
2863 3358 2937 3417 et

635 3460 901 3524 doctos
958 3460 1169 3524 uiros
1225 3459 1560 3524 fortuita
1618 3461 1893 3524 debere
1953 3460 2387 3546 excludere3
2445 3465 2664 3545 atque,
2709 3464 2783 3524 ut
2829 3483 2935 3523 au-

635 3567 812 3630 deret
856 3566 1295 3650 hortantibus,
1358 3567 1658 3650 aequiore
1717 3567 1932 3632 animo
1989 3568 2353 3652 recedebat,
2409 3589 2482 3630 ac
2531 3590 2612 3630 ne
2660 3567 2753 3631 sic
2800 3568 2935 3650 qui-

635 3673 776 3736 dem
826 3674 960 3737 sine
1007 3673 1459 3755 sollicitudine,
1508 3675 2015 3738 taciturnitatem
2053 3674 2492 3757 pudoremque
2532 3673 2933 3757 quorundam
2964 3692 3021 3732 30

634 3802 750 3863 pro
798 3780 1064 3843 tristitia
1111 3783 1176 3844 et
1234 3779 1637 3865 malignitate
1688 3803 1962 3866 arguens
2020 3784 2480 3864 suspectosque
2529 3781 2653 3845 sibi
2698 3781 2934 3844 dicens.

528 3884 704 3951 24in
750 3886 1052 3950 certando
1100 3908 1254 3949 uero
1302 3887 1397 3950 ita
1452 3887 1582 3972 legi
1641 3887 2051 3971 oboediebat,
2107 3891 2180 3950 ut
2236 3910 2588 3971 numquam
2645 3908 2938 3952 excreare

636 4016 828 4057 ausus
868 3994 1169 4057 sudorem
1208 4014 1463 4076 quoque
1500 3992 1736 4057 frontis
1776 3993 2039 4058 brachio
2080 3994 2463 4079 detergeret3
2511 3997 2705 4077 atque
2742 3994 2937 4057 etiam

779 4149 811 4194 3
851 4141 993 4214 <et>
1025 4157 1059 4194 a
1097 4142 1330 4210 Bentley
1440 4146 1472 4193 4
1502 4141 1642 4194 scire
1673 4144 1731 4194 et
1755 4141 1806 4195 G
1928 4148 1957 4193 6
1990 4142 2127 4196 casii
2148 4143 2269 4201 N¹3
2300 4143 2635 4210 (Sabellicus)
2751 4141 2937 4209 auspi·

637 4226 794 4276 catus
825 4224 909 4275 est
939 4220 1078 4276 H²R
1189 4227 1253 4274 16
1282 4238 1386 4275 nec
1404 4222 1474 4273 H
1476 4224 1558 4274 To*
1677 4227 1740 4274 17
1783 4222 1890 4292 est]
1923 4224 2045 4275 erat
2073 4226 2132 4274 X
2246 4226 2310 4275 18
2350 4222 2519 4275 clusis
2550 4223 2671 4292 ΜΩ
2780 4221 2936 4291 oppi-

638 4304 836 4356 dorum
873 4304 972 4356 del.
1005 4302 1179 4355 Polak
1358 4308 1422 4355 19
1462 4301 1730 4355 simulata
1768 4304 1946 4355 morte
1976 4305 2046 4357 H
2184 4308 2251 4356 20
2289 4301 2484 4356 funere
2521 4304 2621 4357 del.
2657 4303 2722 4357 Gn
2740 4302 2941 4356 Becker

640 4389 708 4435 23
749 4384 975 4435 cantare
1004 4382 1165 4449 LPS,
1205 4398 1436 4435 causare
1473 4384 1532 4448 T,
1572 4382 1831 4435 cauillari
1859 4384 2092 4453 Bentley
2276 4389 2344 4435 24
2382 4398 2733 4451 corrumpere
2767 4382 2939 4447 GXY,

639 4461 783 4529 quod
811 4461 872 4511 in
901 4461 1187 4529 archetypo
1214 4461 1385 4525 fuisse
1416 4463 1732 4527 putauerim
1879 4468 1946 4516 28
1976 4463 2209 4516 adderet
2235 4466 2283 4515 Τ
2423 4468 2490 4515 29
2526 4464 2622 4533 ne]
2659 4479 2764 4517 nec
2791 4467 2850 4515 X

642 4539 923 4605 siquidam
954 4540 1079 4593 MG
1119 4540 1243 4608 (sic-
1269 4540 1339 4607 G)
1487 4546 1551 4594 31
1593 4542 1673 4611 et]
1714 4559 1779 4594 ac
1816 4545 1863 4594 Τ
