3325 5209
641 375 730 438 40
1346 372 1401 427 C.
1443 373 1758 428 SVETONI
1796 372 2240 437 TRANQVILLI

644 536 1112 601 dictaturam
1152 536 1614 621 deposuerit.
1672 536 1946 601 debere
1983 533 2334 599 homines
2374 532 2947 599 consideratius

643 644 790 707 iam
842 643 1060 727 loqui
1115 664 1369 707 secum
1425 663 1508 706 ac
1570 664 1707 728 pro
1765 643 2072 729 legibus
2129 642 2412 705 habere
2475 662 2663 724 quae
2719 639 2947 704 dicat.

644 771 846 833 eoque
875 750 1282 836 arrogantiae
1309 771 1686 837 progressus
1717 753 1830 832 est,
1850 754 1925 813 ut
1950 748 2290 833 haruspice
2318 748 2531 812 tristia
2560 751 2625 810 et
2648 747 2785 811 sine
2810 768 2945 810 cor-

644 856 720 920 de
751 860 898 921 exta
918 856 1242 940 quondam
1269 856 1608 920 nuntiante
1640 856 1908 920 futura
1938 856 2178 920 diceret
2204 855 2562 938 laetiora,
2593 876 2757 918 cum
2786 853 2946 918 uel-

640 964 775 1027 let:
803 985 940 1027 nec
966 985 1102 1049 pro
1133 967 1443 1028 ostento
1483 963 1929 1046 ducendum,
1968 963 2033 1027 si
2068 962 2342 1047 pecudi
2380 983 2507 1027 cor
2545 960 2944 1025 defuisset.
3003 986 3028 1024 5

541 1069 576 1133 7
587 1069 628 1134 8
818 1070 1064 1135 Verum
1099 1071 1510 1155 praecipuam
1548 1074 1612 1134 et
1659 1069 2054 1134 exitiabilem
2100 1070 2226 1134 sibi
2271 1067 2579 1133 inuidiam
2617 1068 2769 1131 hinc
2814 1090 2946 1130 ma-

640 1178 812 1241 xime
857 1177 1083 1242 mouit.
1157 1177 1453 1241 adeuntis
1498 1198 1565 1241 se
1612 1199 1759 1241 cum
1804 1177 2103 1262 plurimis
2147 1174 2943 1257 honorificentissimisque

643 1284 915 1348 decretis
961 1284 1299 1348 uniuersos
1343 1288 1560 1368 patres
1608 1284 2007 1368 conscriptos
2054 1283 2279 1347 sedens
2326 1305 2442 1366 pro
2492 1282 2643 1346 aede
2673 1282 2941 1345 Veneris

645 1389 1000 1456 Genetricis
1039 1391 1307 1474 excepit.
1382 1390 1644 1474 quidam
1682 1394 1915 1474 putant
1952 1395 2274 1454 retentum
2312 1413 2349 1453 a
2381 1388 2679 1452 Cornelio
2716 1388 2941 1471 Balb0,

643 1519 789 1561 cum
848 1502 1189 1561 conaretur
1243 1519 1603 1583 assurgere3
1668 1498 1797 1578 alii,
1851 1519 1932 1561 ne
1990 1502 2291 1561 conatum
2350 1497 2608 1580 quidem
2663 1495 2941 1577 omnine,
2972 1519 3023 1558 10

642 1603 754 1667 sed
799 1602 994 1668 etiam
1041 1603 1491 1668 admonentem
1540 1602 1788 1669 Graium·
1810 1603 2183 1669 Trebatium
2221 1608 2294 1667 ut
2332 1606 2695 1689 assurgeret
2730 1601 2941 1665 minus

573 1726 603 1771 2
642 1710 947 1774 familiari
993 1711 1178 1774 uultu
1226 1711 1599 1794 respexisse.
1682 1712 1875 1794 idque
1919 1712 2165 1775 factum
2220 1711 2356 1774 eius
2415 1713 2596 1774 tanto
2645 1709 2941 1772 intolera-

644 1817 839 1882 bilius
886 1821 985 1880 est
1021 1817 1252 1901 uisum,
1300 1817 1473 1901 quod
1517 1818 1657 1902 ipse
1695 1817 2124 1902 triumphanti
2164 1822 2228 1880 et
2264 1816 2571 1881 subsellia
2595 1815 2941 1880 tribunicia

644 1924 1162 2008 praeteruehenti
1218 1925 1344 1989 sibi
1398 1947 1598 1990 unum
1658 1948 1693 1990 e
1751 1926 2022 2011 collegio
2084 1924 2390 1989 Pontium
2446 1922 2752 2006 Aquilam
2808 1942 2940 1985 non

644 2031 1069 2095 assurrexisse
1135 2033 1292 2096 adeo
1353 2032 1727 2119 indignatus
1788 2033 1898 2116 sit,
1963 2036 2036 2095 ut
2094 2030 2616 2115 proclamauerit:
2682 2032 2940 2113 repete
2967 2052 3021 2090 15

644 2160 827 2222 ergo
867 2161 903 2201 a
941 2159 1052 2202 me
1097 2137 1383 2221 Aquila
1427 2160 1580 2202 rem
1626 2138 2017 2223 publicam
2065 2137 2452 2201 tribunus!
2502 2142 2567 2200 et
2600 2158 2720 2200 nec
2757 2135 2943 2200 desti-

643 2244 796 2308 terit
860 2266 977 2328 per
1042 2246 1383 2309 continuos
1458 2245 1591 2308 dies
1657 2246 2003 2329 quicquam
2078 2245 2379 2327 cuiquam
2453 2244 2581 2307 nisi
2655 2243 2774 2308 sub
2842 2265 2942 2307 ex-

643 2351 939 2435 ceptione
999 2352 1318 2435 polliceri:
1381 2353 1446 2416 si
1511 2356 1765 2415 tamen
1823 2374 1957 2435 per
2014 2351 2375 2416 Pontium
2435 2349 2794 2434 Aquilam
2852 2351 2942 2414 11-

543 2454 907 2521 79cuerit.
1015 2458 1247 2521 adiecit
1312 2457 1392 2521 ad
1456 2463 1590 2523 tam
1655 2459 1976 2545 insignem
2043 2459 2325 2542 despecti
2399 2462 2658 2522 senatus
2725 2463 2943 2523 contu-

643 2563 901 2627 meliam
967 2564 1171 2628 multo
1238 2566 1646 2651 arrogantius
1711 2565 1971 2629 factum.
2070 2588 2221 2628 nam
2287 2585 2431 2628 cum
2497 2564 2565 2628 in
2630 2563 2942 2628 sacrificio
2972 2584 3025 2623 20

643 2669 1020 2734 Latinarum
1083 2677 1447 2735 reuertente
1513 2694 1588 2736 eo
1649 2673 1819 2736 inter
1887 2673 2240 2737 inmodicas
2315 2692 2388 2734 ac
2446 2692 2649 2735 nouas
2718 2669 2942 2755 populi

646 2776 1135 2842 acclamationes
1183 2779 1442 2861 quidam
1490 2801 1524 2843 e
1571 2779 1763 2843 turba
1820 2783 2069 2843 statuae
2127 2779 2263 2842 eius
2310 2799 2613 2841 coronam
2659 2776 2944 2840 lauream

646 2883 912 2948 candida
956 2883 1155 2948 fa'scia
1199 2885 1557 2972 praeligata
1603 2886 1994 2970 inposuisset
2041 2890 2104 2949 et
2141 2885 2387 2949 tribuni
2424 2884 2633 2968 plebis
2670 2883 2945 2967 Epidius

644 2991 958 3055 Marullus
1010 2989 1464 3076 Caesetiusque
1509 2992 1749 3056 Flauus
1806 3013 2078 3057 coronae
2134 2991 2397 3055 fasciam
2446 2990 2696 3054 detrahi
2742 2990 2946 3054 homi-

643 3119 916 3181 nemque
978 3098 1123 3162 duci
1184 3100 1251 3163 in
1311 3099 1571 3162 uincula
1632 3100 1998 3183 iussissent,
2060 3099 2281 3163 dolens
2344 3120 2456 3161 seu
2515 3121 2744 3182 parum
2799 3118 2947 3181 pro·
2974 3117 3025 3157 25

645 3227 828 3288 spere
874 3210 1116 3269 motam
1171 3207 1354 3291 regni
1401 3207 1794 3270 mentionem
1842 3207 2003 3289 siue,
2049 3211 2122 3269 ut
2168 3205 2440 3287 ferebat,
2487 3208 2772 3288 ereptam
2819 3203 2945 3267 sibi

644 3310 918 3397 gloriam
967 3312 1326 3396 recusandi,
1383 3314 1681 3377 tribunos
1726 3313 2014 3400 grauiter
2058 3312 2407 3396 increpitos
2453 3315 2772 3395 potestate
2817 3310 2945 3394 pri-

576 3431 605 3476 2
645 3419 843 3482 uauit.
926 3440 1133 3501 neque
1190 3441 1267 3482 ex
1323 3442 1397 3483 eo
1455 3419 1787 3483 infamiam
1845 3420 2128 3483 affectati
2187 3420 2379 3483 etiam
2441 3418 2604 3502 regii
2662 3417 2944 3481 nominis

789 3609 818 3654 3
857 3605 1122 3672 Polyaen.
1164 3606 1318 3657 VIII
1349 3609 1452 3670 23,
1483 3609 1555 3657 32
1601 3609 1822 3670 Καῖσαρ
1874 3613 1972 3658 τοῦ
2023 3604 2206 3657 θύτου
2252 3601 2509 3672 λέγοντος
2563 3600 2824 3655 (ἀπαίσια
2870 3601 2943 3655 τὰ

646 3681 790 3747 ispe?
832 3683 926 3735 καὶ
966 3684 1073 3750 μὴν
1112 3682 1319 3753 ἀμείνω
1360 3686 1467 3752 ἔφη
1508 3685 1875 3753 γενήσεσθαι,
1916 3684 2146 3739 ἐπειδὰν
2187 3684 2355 3744 αὐτὸς
2394 3681 2646 3754 ἐθελήσῃ.
2795 3688 2825 3734 ὅ
2864 3683 2940 3735 id.

657 3763 809 3815 VIII
842 3767 934 3826 23,
965 3767 1035 3814 33
1074 3768 1292 3831 Καῖσαρ
1333 3763 1609 3831 ἀκαρδίου
1648 3766 1905 3833 θύματος
1954 3763 2284 3832 εὑρεθέντος
2324 3764 2442 3816 (καὶ
2479 3761 2533 3817 τί
2568 3761 2941 3828 παράδοξον’,

647 3842 771 3908 ἔφη,
814 3842 886 3894 (εἰ
924 3842 1127 3910 ἄλογον
1166 3850 1304 3914 ζῷον
1344 3842 1584 3912 καρδίαν
1624 3847 1728 3898 οὐκ
1767 3846 1924 3914 ἔχῃς’

789 4027 818 4073 3
858 4022 1094 4075 tristitia
1144 4023 1333 4091 VQ¹T
1472 4031 1504 4076 4
1553 4027 1682 4077 exta
1733 4024 1938 4090 MVL,
1997 4027 2194 4076 exacta
2246 4022 2483 4088 GP101,
2539 4024 2737 4074 exacta
2785 4037 2945 4073 sacra

654 4101 880 4154 Ί”Ρ2()2
1027 4110 1057 4155 5
1098 4120 1191 4155 cor
1237 4104 1439 4171 pecudi
1484 4105 1534 4159 G
1680 4111 1711 4158 6
1750 4104 2153 4172 inexpiabilem
2198 4107 2245 4155 Τ
2386 4109 2416 4154 8
2457 4102 2681 4172 sedens]
2720 4100 2850 4154 sede
2894 4100 2944 4153 G

647 4188 676 4233 9
699 4183 912 4249 escepit
936 4183 1046 4248 311,
1077 4183 1324 4251 suscepit
1346 4185 1413 4236 M
1422 4185 1496 4238 2G
1646 4192 1709 4238 11
1736 4186 1801 4236 ut
1831 4186 2147 4253 assurgeret
2176 4185 2276 4237 del.
2299 4184 2475 4236 Polak
2624 4188 2687 4234 15
2727 4182 2945 4249 repetet

645 4270 692 4314 et
722 4269 833 4314 tum
859 4263 957 4315 del.
980 4264 1238 4316 tribunus
1262 4267 1405 4318 Boot
1516 4271 1580 4316 16
1603 4267 1659 4318 et
1687 4266 1812 4335 nec]
1833 4282 1937 4317 nec
1949 4267 2182 4333 Bentley
2203 4265 2295 4328 al„
2317 4266 2374 4316 et
2394 4263 2449 4332 <.
2467 4305 2476 4314 .
2493 4261 2945 4333 .>necBe'icheler

636 4344 1037 4410 proclamantis
1072 4346 1240 4397 uerba
1276 4362 1389 4397 non-
1419 4348 1589 4413 plena
1618 4363 1726 4399 esse
1763 4353 1917 4398 ratus
2047 4350 2108 4397 17
2143 4345 2427 4413 cuiquam]
2454 4344 2543 4395 cui
2567 4343 2618 4396 V
2739 4346 2805 4392 21
2839 4340 2943 4393 im-

644 4422 894 4475 modicas
927 4426 1129 4490 (1111οά-
1154 4427 1283 4493 HR)
1314 4428 1381 4488 Y,
1419 4425 1668 4479 modicas
1701 4426 1901 4479 MGX‘
2053 4432 2119 4477 23
2158 4423 2475 4493 praeligata
2508 4425 2602 4487 M,
2649 4424 2793 4475 -tam
2830 4422 2944 4486 rel„

644 4505 769 4568 fort.
810 4507 1008 4559 rectius
1154 4511 1220 4556 24
1259 4506 1461 4559 flauius
1503 4507 1573 4558 M
1587 4508 1637 4560 G
1783 4513 1849 4558 26
1888 4508 1952 4558 ut
1989 4505 2268 4559 referebat
2310 4508 2357 4557 T
