3325 5209
652 370 735 433 10
1315 368 1371 422 C.
1413 367 1728 421 SVETONI
1765 366 2209 431 TRANQVILLI

718 554 866 596 non
900 530 1180 595 Bibulo
1220 531 1580 615 quiddam
1619 552 1861 614 nuper
1898 530 2026 593 sed
2067 528 2389 595 Caesare
2426 530 2712 596 factum
2753 535 2897 595 est:

993 660 1160 702 nam
1206 637 1487 701 Bibulo
1535 636 1718 700 fieri
1769 636 2080 700 consule
2127 636 2239 699 nil
2284 637 2610 700 memini.

579 761 610 808 3
647 767 943 829 campum
1009 743 1343 809 Stellatem
1418 744 1771 807 maioribus
1843 748 2283 808 consecratum
2349 765 2703 829 agrumque
2769 742 2953 807 Cam-

646 875 884 936 panum
946 852 1026 916 ad
1086 851 1371 916 subsidia
1424 851 1516 915 rei
1571 849 1868 933 publicae
1932 851 2311 936 uectigalem
2372 850 2667 914 relictum
2729 851 2954 915 diuisit

647 963 827 1023 extra
871 963 1110 1024 sortem
1159 959 1238 1022 ad
1285 957 1522 1042 uiginti
1568 957 1831 1021 milibus
1870 955 2130 1040 ciuium,
2177 957 2411 1040 quibus
2448 957 2615 1021 terni
2651 956 2953 1040 pluresue
3015 981 3052 1021 5

645 1064 833 1130 liberi
896 1069 1123 1131 essent.
1230 1064 1610 1148 publicanos
1675 1064 2117 1127 remissionem
2195 1065 2473 1147 petentis
2537 1064 2728 1126 tertia
2791 1085 2953 1127 mer-

649 1172 874 1236 cedum
940 1177 1122 1256 parte
1185 1171 1500 1235 releuauit
1563 1192 1666 1254 ac,
1730 1193 1810 1235 ne
1875 1172 1945 1235 in
2007 1169 2326 1234 locatione
2380 1192 2697 1233 nouorum
2754 1171 2951 1234 uecti-

647 1279 890 1365 galium
931 1279 1393 1343 inmoderatius
1422 1278 1784 1360 licerentur‚
1812 1276 2146 1362 propalam
2185 1277 2453 1340 monuit.
2530 1281 2739 1341 cetera
2777 1278 2950 1359 item,

650 1407 812 1468 quae
859 1387 1088 1469 cuique
1133 1384 1491 1469 libuissent,
1541 1384 1879 1469 dilargitus
1927 1387 2025 1448 est
2070 1388 2292 1447 contra
2331 1384 2584 1448 dicente
2628 1384 2809 1447 nullo
2858 1403 2950 1465 ac,

576 1508 609 1554 4
649 1492 703 1556 si
757 1495 1096 1555 conaretur
1151 1491 1322 1575 quis,
1382 1491 1740 1555 absterrito,
1835 1490 2120 1554 Marcum
2180 1488 2488 1553 Catonem
2546 1489 2953 1573 interpellati·
2980 1515 3047 1553 ιο

647 1601 779 1662 tem
838 1599 1086 1662 extrahi
1143 1599 1322 1662 curia
1374 1620 1491 1682 per
1552 1599 1846 1661 lictorem
1906 1596 2181 1680 ducique
2245 1596 2314 1660 in
2370 1617 2688 1660 carcerem
2745 1595 2946 1659 iussit.

647 1705 848 1768 Lucio
894 1703 1164 1769 Lucullo
1213 1704 1479 1768 liberius
1527 1704 1850 1768 resistenti
1895 1707 2147 1767 tantum
2196 1702 2658 1766 calumniarum
2705 1705 2948 1766 metum

648 1811 895 1893 iniecit,
940 1814 1015 1874 ut
1060 1810 1141 1873 ad
1186 1832 1397 1897 genua
1441 1811 1613 1875 ultro
1663 1810 1789 1875 sibi
1836 1811 2165 1874 accideret.
2250 1810 2550 1873 Cicerone
2599 1809 2665 1871 in
2711 1808 2947 1872 iudicio

649 1917 926 2000 quodam
973 1917 1092 2000 <de
1133 1921 1312 1984 domo
1350 1918 1476 2002 41>
1525 1918 1901 2002 deplorante
1946 1923 2310 1999 temporum
2360 1920 2598 1980 statum
2644 1914 2949 1979 Publium

650 2021 944 2087 Clodium
1006 2024 1337 2089 inimicum
1404 2025 1568 2108 eius,
1627 2026 1867 2088 frustra
1929 2024 2055 2087 iam
2115 2024 2364 2107 pridem
2428 2046 2464 2087 a
2517 2023 2807 2106 patribus
2869 2021 2949 2084 ad
2982 2046 3038 2087 ιε

646 2129 900 2213 plebem
949 2133 1221 2196 transire
1257 2132 1591 2215 nitentem,
1639 2130 1863 2194 eodem
1902 2129 2004 2193 die
2040 2129 2326 2214 horaque
2362 2152 2534 2194 nona
2568 2128 2946 2193 transduxit.

578 2253 608 2299 5
647 2240 976 2320 postremo
1007 2238 1073 2301 in
1103 2240 1437 2302 uniuersos
1469 2238 1758 2300 diuersae
1786 2237 2089 2300 factionis
2110 2237 2424 2319 <indicem
2460 2287 2473 2299 .
2495 2287 2507 2300 .
2530 2237 2586 2318 .>
2615 2236 2947 2299 inductum

645 2344 976 2426 praemiis,
1042 2349 1116 2408 ut
1175 2365 1242 2407 se
1303 2344 1380 2407 de
1446 2343 1777 2407 inferenda
1841 2342 2153 2426 Pompeio
2219 2365 2373 2409 nece
2440 2342 2855 2407 sollicitatum
2914 2364 2951 2404 a

649 2450 1030 2532 quibusdam
1088 2451 1500 2535 profiteretur
1557 2450 2037 2533 productusque
2093 2473 2209 2532 pro
2256 2451 2482 2513 rostris
2531 2452 2822 2512 auctores
2871 2470 2948 2511 ex

650 2560 961 2639 conpacto
1017 2558 1408 2641 nominaret3
1477 2557 1587 2621 sed
1641 2579 1770 2620 uno
1830 2560 2021 2640 atque
2077 2558 2279 2620 altero
2334 2557 2575 2620 frustra
2635 2576 2753 2618 nec
2813 2555 2948 2619 sine
2981 2581 3037 2620 20

649 2663 1014 2744 suspicione
1052 2663 1296 2727 fraudis
1343 2664 1692 2727 nominatis
1731 2662 2073 2747 desperans
2116 2667 2246 2726 tam
2287 2663 2656 2747 praecipitis
2696 2660 2949 2726 consilii

648 2772 949 2832 euentum
998 2769 1415 2853 intercepisse
1462 2790 1712 2834 ueneno
1762 2770 2036 2834 indicem
2086 2771 2380 2834 creditur.

545 2871 626 2937 21
833 2874 967 2938 Sub
1006 2876 1177 2940 idem
1213 2880 1468 2960 tempus
1510 2875 1919 2960 Calpurniam
1959 2876 2029 2940 L.
2059 2875 2315 2941 Pisonis
2352 2876 2554 2939 filiam
2593 2874 2946 2939 successuri

650 2981 772 3045 sibi
843 2982 910 3044 in
984 2985 1320 3047 consulatu
1393 2983 1578 3046 duxit
1652 3005 1919 3046 uxorem
1994 3005 2328 3066 suamque,
2400 2982 2658 3065 Iuliam,
2732 2980 2945 3046 Gnaeo

649 3087 956 3170 Pompeio
1030 3089 1393 3153 conlocauit
1461 3090 1797 3173 repudiato
1868 3092 2081 3173 priore
2151 3111 2389 3173 sponso
2457 3088 2730 3153 Seruilio
2796 3085 2946 3152 Cae·
2978 3114 3034 3154 25

647 3195 858 3278 pione,
916 3196 1096 3260 cuius
1152 3195 1256 3259 uel
1311 3199 1657 3280 praecipua
1717 3219 1910 3281 opera
1964 3196 2159 3281 paulo
2219 3201 2364 3261 ante
2409 3196 2719 3260 Bibulum
2767 3196 2948 3277 inpu-

648 3307 972 3385 gnauerat.
1066 3323 1138 3366 ac
1209 3307 1359 3386 post
1431 3325 1663 3367 nouam
1741 3303 2137 3367 adfinitatem
2211 3302 2594 3386 Pompeium
2666 3302 2947 3385 primum

647 3428 874 3491 rogare
957 3410 1338 3472 sententiam
1425 3411 1661 3493 coepit,
1748 3432 1891 3473 cum
1969 3408 2265 3473 Crassum
2351 3409 2587 3473 soleret
2659 3412 2948 3492 essetque

649 3514 1073 3594 consuetudo,
1130 3518 1206 3578 ut
1251 3538 1441 3598 quem
1491 3516 1778 3580 ordinem
1836 3516 2274 3601 interrogandi
2328 3515 2674 3580 sententias
2724 3517 2947 3578 consul

648 3619 790 3682 Kal.
829 3617 1141 3685 Ianuariis
1191 3621 1596 3704 instituisset,
1643 3643 1789 3685 eum
1837 3626 1974 3685 toto
2025 3644 2190 3685 anno
2240 3624 2660 3685 conseruaret.
2975 3648 3033 3687 so

795 3782 821 3829 1
864 3778 1135 3845 quiddam
1176 3780 1251 3832 M
1261 3779 1311 3832 G
1333 3779 1558 3832 VLST
1600 3781 1683 3848 (in
1722 3781 1797 3833 M
1831 3778 1866 3829 d
1908 3779 2069 3846 prior
2105 3795 2201 3845 88„
2248 3780 2375 3832 item
2413 3779 2475 3831 in
2514 3781 2589 3848 ε),
2645 3778 2947 3846 quicquam

649 3855 760 3909 ΡΟ
778 3857 845 3921 Τ,
902 3857 1212 3926 quidquam
1253 3875 1285 3917 ς
1332 3864 1383 3912 et
1418 3859 1531 3924 fere
1568 3859 1686 3912 edd.
1835 3865 1866 3911 2
1904 3859 2049 3911 nihil
2090 3860 2165 3912 M
2305 3865 2334 3912 3
2376 3858 2665 3912 stellatum
2711 3856 2861 3910 Y‘P2
2875 3856 2948 3912 0²

649 3941 680 3986 5
721 3935 793 3988 ad
834 3937 1086 4002 Gasaub„
1125 3952 1192 3990 ac
1221 3940 1273 3989 Ω,
1420 3942 1451 3991 8
1491 3937 1828 3990 ducerentur
1853 3943 1920 4005 X,
1960 3941 2253 3992 uterentur
2289 3946 2338 3993 et
2365 3957 2434 3994 ss.
2465 3938 2497 3991 i
2532 3939 2885 3992 licitarentur
2914 3959 2945 4005 ρ

648 4022 679 4068 9
700 4015 962 4070 libuisset
982 4017 1231 4087 Bentley,
1253 4018 1491 4088 Madvig]
1629 4023 1695 4071 10
1716 4018 1991 4089 Marcum]
2013 4019 2086 4071 M.
2109 4023 2167 4071 X
2173 4017 2187 4036 '
2207 4021 2340 4087 (non
2364 4021 2433 4088 T)
2573 4024 2639 4071 14
2658 4017 2945 4088 Publium]

650 4096 707 4148 P.
747 4099 804 4148 X
806 4093 821 4113 '
972 4102 1034 4150 17
1075 4096 1368 4150 inductum
1396 4101 1475 4163 Ω,
1517 4097 1812 4151 inductum
1840 4100 2121 4166 quendam
2153 4117 2212 4165 ς,
2249 4100 2474 4153 induxit
2501 4100 2824 4168 Stephana-3,
2860 4097 2944 4150 in-

649 4176 810 4228 duxit
846 4176 1102 4229 Vettium
1150 4178 1411 4242 Ursinus,
1459 4178 1715 4231 Vettium
1762 4178 2096 4232 subornasse
2143 4181 2252 4250 (uel
2288 4179 2606 4249 immisisse)
2653 4178 2947 4231 inductum

653 4256 809 4321 Oud„
847 4255 1093 4309 indicem
1122 4258 1453 4311 subornauit
1465 4257 1721 4310 Vettium
1749 4258 2041 4311 inductum
2071 4259 2218 4313 Roth
2365 4264 2429 4314 19
2457 4259 2871 4328 productosque
2895 4257 2948 4311 G

649 4341 716 4387 20
750 4335 847 4388 sed
878 4336 976 4389 del.
1008 4338 1158 4391 Torr.
1289 4344 1356 4391 24
1377 4338 1733 4391 consulatum
1752 4343 1811 4391 X
1823 4339 2027 4407 (Oud.>,
2064 4340 2133 4405 cf.
2156 4357 2215 4408 p.
2241 4343 2327 4405 15,
2347 4345 2418 4394 19
2555 4345 2622 4391 26
2642 4338 2879 4392 biduum
2902 4339 2956 4390 V

648 4422 716 4470 28
746 4417 936 4470 sileret
966 4419 1039 4470 M
1043 4417 1267 4472 ²L¹P0
1302 4418 1358 4486 (i.
1398 4421 1614 4472 taceret
1648 4418 1744 4472 uel
1773 4417 1976 4472 soleret
2013 4419 2358 4488 interrogare
2395 4419 2657 4488 primitus
2697 4435 2946 4472 crassum

648 4497 821 4551 adeor.
862 4499 935 4550 M
940 4497 977 4566 ²,
1016 4497 1244 4551 Crassus
1283 4498 1474 4551 sileret
1512 4501 1567 4568 δ)
1713 4504 1780 4552 29
1821 4500 2015 4552 consul
2045 4505 2173 4568 post
2207 4498 2484 4553 Ianuariis
2524 4501 2702 4554 colloc.
2743 4503 2802 4551 Χ
2802 4497 2817 4515 ’
