3325 5209
629 426 714 490 66
1327 425 1382 479 C.
1423 424 1737 479 SVETONI
1774 423 2217 490 TRANQVILLI

625 588 888 674 Romae,
935 588 1046 652 sed
1093 593 1392 672 quartum
1440 589 1845 653 consulatum
1892 588 1961 651 in
2006 585 2189 669 Asia,
2248 586 2547 670 quintum
2594 584 2664 650 in
2707 585 2921 654 insula

629 693 839 778 Same,
885 699 1184 760 octauum
1233 699 1298 759 et
1342 716 1585 759 nonum
1632 693 1994 758 Tarracone
2040 693 2180 758 init.

516 799 603 867 27
801 800 1308 866 Triumuiratum
1355 799 1449 864 rei
1494 823 1555 884 p.
1604 799 2088 866 constituendae
2138 821 2256 885 per
2302 799 2518 865 decem
2564 821 2766 865 annos
2814 800 2920 865 ad-

622 908 1044 992 ministrauit3
1112 908 1182 971 in
1247 928 1374 992 quo
1429 906 1670 972 restitit
1735 906 1994 991 quidem
2047 905 2446 991 aliquamdiu
2510 906 2774 992 collegis
2838 928 2919 972 ne

624 1037 749 1099 qua
803 1015 988 1080 fieret
1040 1014 1430 1099 proscriptio
1439 1066 1456 1099 ,
1519 1013 1631 1079 sed
1684 1013 2007 1097 inceptam
2064 1016 2344 1096 utroque
2400 1013 2691 1078 acerbius
2748 1034 2921 1077 exer·
2953 1035 3000 1080 -11

621 1120 769 1186 cuit.
850 1143 1127 1205 namque
1172 1121 1304 1185 illis
1350 1122 1418 1184 in
1461 1121 1818 1186 multorum
1867 1141 2056 1204 saepe
2100 1141 2443 1203 personam
2478 1141 2595 1204 per
2640 1120 2916 1206 gratiam

622 1232 687 1291 et
740 1250 961 1312 preces
1018 1227 1450 1294 exorabilibus
1506 1226 1683 1292 solus
1748 1248 1987 1313 magno
2046 1248 2237 1310 opere
2296 1226 2625 1292 contendit
2679 1248 2760 1291 ne
2816 1228 2919 1291 cui

619 1339 1009 1419 parceretur,
1065 1336 1568 1419 proscripsitque
1624 1335 1820 1398 etiam
1868 1333 1933 1398 G.
1981 1332 2330 1399 Toranium
2376 1336 2661 1398 tutorem
2710 1356 2917 1418 suum,

550 1457 581 1506 2
623 1442 891 1511 eundem
957 1441 1270 1528 collegam
1316 1442 1521 1525 patris
1577 1442 1678 1505 sui
1726 1438 1955 1505 Octaui
2016 1440 2082 1502 in
2129 1440 2472 1505 aedilitate.
2554 1438 2760 1504 Iulius
2810 1439 2919 1505 Sa·-

619 1550 917 1614 turninus
970 1548 1097 1614 hoc
1160 1548 1437 1632 amplius
1490 1548 1718 1633 tradit,
1784 1569 1932 1612 cum
1989 1550 2247 1631 peracta
2303 1546 2775 1630 proscriptione
2830 1546 2914 1610 M.
2945 1570 2999 1614 ιο

539 1724 543 1728 ,
618 1655 900 1740 Lepidus
941 1655 1015 1719 ’111
1060 1660 1284 1719 88118111
1324 1658 1689 1722 excusasset
1725 1653 2071 1738 praeterita
2108 1657 2172 1717 et
2210 1675 2389 1736 spem
2429 1652 2802 1718 clementiae
2848 1653 2916 1717 in

618 1765 952 1846 posterum
978 1763 1255 1847 fecisset,
1293 1762 1596 1844 quoniam
1625 1762 1781 1827 satis
1809 1782 2165 1845 poenarum
2194 1763 2489 1824 exactum
2521 1764 2707 1844 esset,
2743 1760 2917 1825 hunc

620 1891 654 1933 8
716 1869 970 1935 diuerso
1030 1869 1419 1953 professum,
1479 1869 1588 1933 ita
1646 1868 1947 1934 modum
2013 1889 2088 1931 88
2150 1866 2709 1950 proscribendi
2766 1871 2916 1931 sta-

617 1976 887 2058 tuisse,
933 1979 1016 2039 ut
1063 1976 1321 2041 omnia
1367 1975 1517 2040 sibi
1563 1975 1977 2058 reliquerit
2020 1974 2285 2040 libera.
2356 1973 2426 2038 in
2473 1976 2654 2038 cuius
2699 1978 2917 2039 tamen

618 2084 1006 2165 pertinaciae
1032 2083 1492 2167 paenitentiam
1519 2086 1746 2165 postea
1769 2080 2118 2146 T.Vinium
2137 2080 2720 2166 Philopoemenem,
2741 2081 2910 2165 quod
2945 2103 2995 2148 15

616 2194 960 2273 patronum
1018 2212 1205 2254 suum
1261 2190 1697 2273 proscriptum
1755 2187 2002 2251 celasse
2045 2187 2203 2253 olim
2250 2187 2585 2271 diceretur,
2632 2189 2914 2272 equestri

548 2309 580 2357 3
622 2296 933 2382 dignitate
986 2296 1349 2361 honorauit.
1432 2297 1501 2360 in
1567 2294 1786 2358 eadem
1838 2294 1962 2358 hac
2027 2298 2350 2377 potestate
2406 2293 2753 2377 multiplici
2806 2295 2916 2358 fla-

616 2405 831 2489 grauit
867 2402 1128 2467 inuidia.
1200 2425 1344 2466 nam
1388 2406 1451 2465 et
1490 2401 1821 2465 Pinarium
1861 2402 2142 2484 equitem
2181 2400 2276 2485 R„
2316 2423 2461 2465 cum
2502 2401 2914 2465 contionante

618 2530 685 2571 se
733 2508 1012 2572 admissa
1064 2509 1254 2572 turba
1306 2529 1706 2592 paganorum
1761 2508 1932 2592 apud
1988 2508 2226 2572 milites
2276 2507 2679 2574 subscribere
2727 2530 2914 2591 quae-

618 2614 764 2677 dam
821 2614 1395 2701 animaduertisset,
1442 2616 1767 2678 curiosum
1817 2637 1891 2678 ac
1939 2615 2410 2699 speculatorem
2467 2618 2646 2679 ratus
2698 2627 2911 2678 coram
2941 2637 2995 2678 so

618 2721 875 2784 confodi
931 2722 1300 2806 imperauit3
1365 2725 1430 2785 et
1487 2721 1757 2786 Tedium
1814 2720 2046 2785 Afrum
2104 2721 2431 2785 consulem
2490 2722 2915 2807 designatum,

619 2829 771 2909 quia
840 2828 1080 2891 factum
1157 2828 1480 2911 quoddam
1553 2851 1745 2893 suum
1816 2829 2105 2914 maligno
2182 2850 2475 2892 sermone
2550 2830 2913 2912 carpsisset,

545 2946 580 2994 4
616 2935 817 2997 tantis
865 2937 1218 2998 conterruit
1263 2936 1484 3020 minis,
1543 2940 1614 3000 ut
1660 2937 1718 3000 is
1765 2956 1834 2999 se
1879 2935 2428 3019 praecipitauerit3
2488 2939 2553 2999 et
2601 2933 2912 3010 Quintum

619 3039 899 3104 Gallium
958 3045 1346 3125 praetorem,
1416 3044 1485 3105 in
1544 3043 1769 3106 officio
1822 3042 2233 3106 salutationis
2292 3041 2564 3105 tabellas
2626 3041 2913 3124 duplices

616 3150 795 3211 ueste
841 3151 1043 3212 tectas
1090 3153 1433 3234 tenentem,
1481 3151 1845 3234 suspicatus
1892 3148 2177 3234 gladium
2224 3148 2528 3232 occulere,
2573 3169 2691 3211 nec
2739 3149 2912 3230 quic·
2940 3168 2991 3208 25

617 3276 808 3338 quam
865 3247 1114 3340 statim,
1175 3277 1256 3319 ne
1312 3255 1487 3319 aliud
1549 3256 1975 3343 inueniretur,
2041 3276 2235 3318 ausus
2302 3256 2652 3339 inquirere,
2716 3254 2909 3339 paulo

612 3366 763 3447 post
815 3384 930 3445 per
984 3364 1389 3427 centuriones
1445 3366 1509 3426 et
1562 3363 1803 3426 milites
1860 3365 2116 3445 raptum
2165 3383 2198 3425 8
2244 3361 2556 3426 tribunali
2613 3360 2912 3424 seruilem

614 3469 683 3532 in
727 3468 990 3531 modum
1036 3470 1226 3532 torsit
1282 3491 1355 3532 ac
1409 3470 1718 3533 fatentem
1768 3468 1931 3532 nihil
1988 3469 2178 3532 iussit
2226 3468 2430 3532 occidi
2476 3469 2657 3552 prius
2706 3467 2910 3532 oculis

616 3576 751 3639 eius
799 3597 915 3638 sua
961 3598 1154 3639 manu
1201 3576 1475 3660 effossis3
1524 3598 1715 3658 quem
1761 3579 1982 3638 tamen
2035 3574 2262 3638 scribit
2313 3557 2658 3658 conloquio
2705 3576 2909 3659 petito

614 3681 992 3745 insidiatum
1039 3682 1164 3745 sibi
1211 3683 1697 3766 coniectumque
1744 3703 1782 3744 a
1830 3704 1897 3745 se
1944 3683 2012 3745 in
2059 3682 2433 3766 custodiam,
2483 3681 2706 3745 deinde
2751 3683 2908 3745 urbe
2938 3702 2991 3741 80

759 3999 788 4043 2
827 3991 937 4044 init
978 3993 1037 4060 V,
1092 3991 1198 4044 mit
1238 3993 1333 4058 M,
1383 3991 1516 4045 iniit
1550 3992 1644 4046 rel.
1686 3993 1882 4062 (uulq.)
2029 3998 2061 4044 4
2107 4007 2178 4043 ne
2225 4008 2338 4058 qua
2383 4008 2482 4046 om.
2526 3993 2578 4044 V
2716 3995 2745 4043 6
2784 4006 2908 4058 per-

616 4088 752 4124 sona
792 4073 1029 4142 Madvig
1171 4077 1202 4124 9
1243 4073 1590 4140 eundemque
1620 4071 1982 4141 1182(uu19.)
2125 4071 2278 4140 patri
2316 4079 2365 4126 et
2403 4071 2715 4125 aedulitate
2754 4071 2829 4122 M

614 4150 785 4203 iulius
827 4153 902 4206 M
909 4154 1024 4218 Vc,
1079 4152 1267 4205 iunius
1313 4154 1405 4207 rel.
1455 4154 1617 4222 (edd.)
1784 4157 1849 4205 15
1896 4151 2114 4204 iunium
2150 4149 2284 4204 X‘T
2445 4157 2509 4204 18
2550 4150 2697 4223 <Τ.>
2741 4150 2907 4203 Ρ1118-

613 4232 760 4283 rium
800 4233 1032 4286 Casaub.
1196 4250 1363 4301 quem
1399 4234 1583 4288 Fcthse
1731 4238 1794 4285 19
1833 4233 2117 4302 quendam
2158 4233 2235 4298 G,
2288 4248 2435 4299 quae
2474 4233 2527 4286 V
2572 4280 2575 4283 .
2671 4238 2736 4284 21
2777 4249 2908 4285 eun-

614 4312 733 4364 dem
784 4310 1100 4365 Vttiedium
1148 4313 1347 4366 Afrum
1415 4314 1567 4366 tituli
1619 4313 1750 4368 CIL
1802 4313 1963 4367 XIV
2006 4316 2148 4367 3615
2208 4329 2316 4367 esse
2375 4314 2513 4367 coni.
2575 4313 2908 4382 Boryhesius

615 4396 681 4443 22
721 4391 967 4458 carpisse
990 4395 1075 4460 M,
1116 4393 1388 4460 capsisset
1421 4395 1472 4446 V
1609 4398 1677 4445 23
1715 4392 1802 4445 1111
1840 4409 1897 4446 88
1922 4393 1990 4459 G,
2026 4392 2229 4445 utisset
2261 4394 2315 4445 V
2451 4398 2517 4446 25
2556 4392 2749 4462 gladio
2789 4394 2841 4445 V

614 4471 739 4540 nec]
789 4487 857 4524 ne
900 4472 1017 4528 GV
1163 4479 1228 4525 27
1279 4474 1333 4544 e]
1382 4475 1440 4526 et
1470 4474 1555 4537 M,
1614 4489 1682 4526 ex
1716 4474 1766 4526 G
1921 4479 1988 4525 28
2038 4489 2104 4526 80
2150 4490 2250 4527 om.
2286 4475 2338 4528 G
2483 4473 2906 4528 oculos-effusos

614 4550 865 4621 (effossos
896 4553 951 4620 ὃ)
974 4554 1048 4606 M
1053 4554 1113 4618 δ,
1153 4554 1280 4606 inde
1319 4552 1507 4605 effusis
1529 4553 1798 4607 Heinsius
1827 4552 2033 4621 (effosis
2071 4554 2230 4607 habet
2261 4555 2327 4623 Τ)
2475 4558 2541 4606 30
2580 4553 2639 4606 111
2678 4571 2778 4609 om.
2821 4555 2904 4608 VS
