3325 5209
592 385 675 449 78
1098 406 1104 412 ·
1289 385 1346 440 G.
1386 384 1703 440 SVETONI
1738 384 2185 452 TRANQVILLI

517 564 551 612 2
589 551 771 612 esset.
863 549 939 613 in'
978 548 1148 613 circo
1210 549 1467 635 aurigas
1528 569 1948 632 cursoresque
2007 552 2072 613 et
2132 549 2527 614 confectores
2584 548 2886 633 ferarum,

589 659 654 719 et
698 676 1184 737 nonnumquam
1242 677 1321 719 ex
1373 655 1778 720 nobilissima
1832 655 2194 739 iuuentute,
2249 654 2571 739 produxit.
2664 656 2774 719 sed
2822 659 2887 719 et

588 760 817 826 Troiae
888 762 1104 827 lusum
1181 762 1381 827 edidit
1452 762 1970 846 frequentissime
2044 762 2360 827 maiorum
2434 762 2886 845 minorumque

587 890 962 952 puerorum,
1028 869 1228 952 prisci
1288 869 1628 953 decorique
1693 869 1891 934 moris
1960 868 2334 934 existimans
2395 869 2604 935 clarae
2665 869 2884 952 stirpis

588 974 870 1038 indolem
926 975 1020 1040 sic
1071 979 1419 1040 notescere.
1512 955 1581 1040 in
1634 975 1763 1041 hoc
1814 975 2060 1040 ludicro
2115 975 2405 1040 Nonium
2460 975 2884 1060 Asprenatem
2941 1003 2968 1044 ε

586 1081 773 1164 lapsu
820 1080 1225 1146 debilitatum
1282 1104 1475 1149 aureo
1529 1087 1762 1166 torque
1809 1082 2077 1147 donauit
2120 1102 2481 1166 passusque
2528 1087 2627 1147 est
2672 1083 2885 1166 ipsum

587 1191 1007 1271 posterosque
1053 1188 1369 1272 Torquati
1413 1191 1581 1255 ferre
1630 1211 2004 1275 cognomen.
2095 1212 2250 1254 mox
2294 1190 2691 1274 finemlfecit
2729 1189 2887 1253 talia

587 1294 814 1358 edendi
870 1292 1097 1359 Asinio
1153 1295 1445 1361 Pollione
1502 1300 1756 1361 oratore
1811 1296 2098 1383 grauiter
2151 1296 2601 1380 inuidioseque
2656 1298 2723 1360 in
2780 1319 2887 1362 cu-

586 1402 684 1464 ria
731 1405 959 1483 questo
1006 1400 1431 1486 A<e>sernini
1484 1404 1740 1487 nepotis
1797 1403 1898 1467 sui
1954 1423 2203 1487 casum,
2260 1403 2374 1486 qui
2429 1407 2494 1467 et
2548 1402 2687 1487 ipse
2740 1425 2883 1468 crus

586 1507 880 1592 fregerat.
2334 1509 2339 1514 ’
2914 1536 2967 1577 ιο

520 1628 550 1676 3
766 1611 868 1676 Ad
917 1616 1238 1680 scaenicas
1286 1637 1549 1699 quoque
1595 1618 1660 1679 et
1706 1615 2120 1701 gladiatorias
2168 1637 2396 1699 operas
2443 1619 2509 1679 et
2555 1616 2883 1698 equitibus

587 1718 897 1784 Romanis
945 1722 1293 1805 aliquando
1339 1744 1497 1786 usus
1544 1726 1658 1806 est,
1703 1744 1931 1786 uerum
1976 1721 2159 1806 prius
2200 1744 2392 1804 quam
2434 1726 2691 1786 senatus
2738 1745 2886 1788 con-

590 1828 758 1891 sulto
820 1828 1320 1893 interdiceretur.
1420 1832 1645 1911 postea
1712 1827 1879 1892 nihil
1941 1849 2092 1892 sane
2159 1831 2608 1912 praeterquam
2674 1828 2885 1892 adule-

475 1991 480 1996 .
587 1935 948 1999 scentulum
993 1936 1264 2020 Lycium
1308 1935 1575 2000 honeste
1621 1938 1847 1999 natum
1893 1935 2212 2018 exhibuit,
2257 1938 2508 1998 tantum
2557 1939 2631 1999 ut
2678 1939 2884 1999 osten-

589 2040 790 2125 deret,
851 2043 1022 2125 quod
1083 2046 1220 2106 erat
1279 2042 1561 2126 bipedali
1619 2043 1857 2124 minor,
1925 2041 2235 2106 librarum
2298 2042 2751 2125 septemdecim
2812 2063 2886 2106 ac
2915 2069 2966 2111 ιε

519 2161 553 2208 4
589 2148 767 2212 uocis
816 2149 1180 2214 immensae.
1274 2150 1552 2231 quodam
1602 2152 1818 2212 autem
1861 2148 2144 2212 muneris
2192 2147 2295 2210 die
2340 2147 2728 2210 Parthorum
2776 2148 2883 2211 ob-

590 2255 755 2320 sides
810 2260 966 2320 tunc
1019 2257 1303 2340 primum
1361 2255 1595 2318 missos
1653 2277 1773 2338 per
1825 2255 2100 2318 mediam
2154 2253 2459 2316 harenam
2519 2253 2598 2316 ad
2645 2257 2886 2336 specta-

589 2363 803 2426 culum
851 2362 1106 2426 induxit
1152 2382 1470 2445 superque
1517 2382 1582 2424 se
1627 2360 1932 2424 subsellio
1973 2360 2250 2425 secundo
2291 2359 2649 2423 collocauit.
2726 2360 2885 2423 sole-

588 2467 701 2531 bat
738 2467 933 2531 etiam
973 2469 1131 2532 citra
1169 2467 1682 2551 spectaculorum
1723 2467 1877 2551 dies,
1916 2468 1971 2530 si
2002 2468 2257 2550 quando
2288 2467 2443 2549 quid
2481 2466 2883 2530 inuisitatum

589 2575 985 2658 dignumque
1046 2574 1311 2660 cognitu
1373 2574 1710 2638 aduectum
1767 2578 1959 2656 esset,
2019 2574 2086 2636 id
2146 2577 2327 2637 extra
2383 2573 2670 2637 ordinem
2729 2595 2885 2656 quo-
2914 2603 2968 2643 ρο

588 2680 746 2745 libet
791 2680 933 2745 loco
981 2681 1339 2766 publicare,
1390 2684 1465 2744 ut
1510 2680 1983 2745 rhinocerotem
2030 2681 2201 2764 apud
2249 2678 2502 2763 Saepta,
2547 2680 2770 2766 tigrim
2818 2682 2885 2744 in

591 2808 836 2870 scaena,
883 2809 1158 2873 anguem
1209 2788 1683 2874 quinquaginta
1729 2787 2096 2853 cubitorum
2141 2808 2259 2871 pro
2308 2785 2591 2851 comitio.

519 2904 550 2952 ὅ
767 2893 1024 2960 Accidit
1059 2895 1301 2959 uotiuis
1340 2894 1750 2979 circensibus,
1785 2897 1859 2957 ut
1897 2898 2230 2978 correptus
2268 2893 2623 2958 ualitudine
2659 2894 2885 2957 lectica

590 3001 829 3064 cubans
885 3006 1097 3065 tensas
1153 3002 1517 3080 deduceret3
1583 3022 1807 3065 rursus
1865 3001 2314 3065 commissione
2367 3000 2695 3083 ludorum,
2748 3002 2885 3082 qui-

588 3108 709 3171 bus
756 3106 1080 3171 theatrum
1127 3108 1415 3172 Marcelli
1462 3107 1823 3191 dedicabat,
1879 3107 2095 3171 euenit
2140 3111 2215 3171 ut
2260 3106 2492 3170 laxatis
2540 3107 2733 3171 sellae
2782 3129 2886 3171 cu·
2913 3135 2965 3176 2⁶

587 3215 746 3279 rulis
795 3215 1214 3300 compagibus
1271 3215 1523 3280 caderet
1581 3217 1869 3298 supinus,
1951 3217 2262 3297 nepotum
2321 3235 2576 3297 quoque
2625 3236 2883 3278 suorum

589 3343 852 3385 munere
908 3343 1054 3385 cum
1112 3325 1590 3385 consternatum
1645 3323 1869 3386 ruinae
1920 3324 2098 3384 metu
2143 3320 2455 3403 populum
2501 3322 2775 3385 retinere
2823 3326 2886 3385 et

590 3429 967 3494 confirmare
1022 3428 1203 3492 nullo
1258 3429 1451 3492 modo
1506 3432 1756 3512 posset,
1811 3429 2069 3492 transiit
2115 3450 2149 3491 e
2194 3429 2338 3511 loco
2394 3449 2511 3492 suo
2568 3433 2763 3511 atque
2818 3431 2887 3491 in

593 3557 667 3598 ea
712 3539 892 3617 parte
942 3535 1247 3617 consedit,
1296 3557 1457 3618 quae
1505 3538 1803 3619 suspecta
1847 3536 2124 3598 maxime
2172 3537 2325 3598 erat.

482 3632 577 3698 44
768 3639 1113 3724 Spectandi
1150 3642 1669 3705 confusissimum
1711 3662 1782 3704 ac
1821 3641 2287 3705 solutissimum
2324 3663 2568 3705 morem
2609 3643 2884 3705 correxit
2914 3669 2966 3708 30

734 3876 760 3923 1
794 3886 861 3923 ex
890 3870 1135 3936 equestri
1157 3876 1284 3938 post
1308 3870 1553 3923 ferarum
1586 3870 1715 3923 add.
1743 3869 1795 3922 G
1943 3874 1973 3921 2
1996 3870 2162 3937 prius
2180 3870 2238 3922 et
2264 3869 2366 3922 del.
2395 3870 2548 3923 Torr.
2703 3874 2735 3921 3
2764 3886 2885 3922 ma·-

587 3952 769 4004 iorum
807 3968 840 4009 ς
887 3952 933 4018 (e
970 3950 1084 4004 eod.
1121 3951 1488 4005 uetustissimo
1527 3951 1690 4016 affert
1732 3950 1935 4018 Tem),
1979 3965 2312 4018 magnorum
2351 3952 2402 4001 Ω
2583 3953 2617 4000 4
2663 3948 2886 4002 delectu

580 4039 706 4099 post
741 4047 1041 4099 puerorum
1089 4030 1218 4083 add.
1258 4030 1530 4084 HRP²0
1568 4031 1763 4100 (uuly.)
1923 4034 1954 4082 6
1994 4045 2164 4082 aurea
2200 4029 2325 4082 HR
2466 4027 2654 4098 ipsum
2691 4046 2791 4083 om.
2816 4031 2892 4083 M

591 4116 620 4163 7
660 4111 774 4164 alia
814 4113 889 4164 M
899 4111 1055 4180 QRa
1109 4117 1159 4164 et
1202 4111 1281 4164 sie
1321 4127 1425 4178 pro
1470 4128 1526 4163 u.
1576 4111 1608 4164 Ζ.
1647 4127 1716 4164 ss.
1756 4109 1841 4163 Π2
1888 4109 1987 4178 (ali
2035 4108 2275 4162 aedendi
2315 4111 2391 4163 M
2396 4112 2415 4173 ἦ
2560 4114 2591 4162 9
2638 4109 2886 4162 asernini

589 4192 795 4260 (aserni
838 4192 904 4257 G,
943 4191 1208 4244 asermini
1245 4192 1316 4260 V)
1357 4193 1435 4257 Ω,
1473 4207 1608 4244 corr.
1639 4191 1950 4245 Beroaldus
2096 4194 2163 4241 10
2201 4188 2501 4257 effregerat
2534 4193 2583 4242 Τ
2724 4195 2787 4242 11
2828 4190 2887 4242 et

587 4275 729 4342 (post
763 4274 981 4340 operas)
1022 4288 1120 4325 om.
1163 4288 1195 4330 ς
1343 4276 1408 4324 14
1446 4270 1658 4338 lycium
1695 4270 1825 4340 (lyt-
1853 4270 1909 4338 S,
1952 4269 2053 4323 lic·
2082 4272 2215 4336 HT,
2256 4268 2375 4324 luc·
2403 4270 2479 4340 R)
2509 4272 2585 4338 Ω,
2625 4270 2683 4323 L.
2714 4269 2885 4322 Itium

595 4354 775 4418 Torr.,
812 4352 871 4404 L.
901 4351 1077 4404 Icium
1116 4352 1261 4405 Roth
1435 4357 1501 4404 15
1542 4352 1629 4421 ac]
1671 4353 1731 4403 at
1759 4352 1993 4421 Bentley
2168 4355 2233 4403 19
2270 4349 2629 4403 inuisitatum
2671 4349 2805 4403 MR
2824 4350 2884 4415 T,

587 4431 783 4486 inusit-
822 4433 914 4486 rel.
1090 4437 1155 4484 22
1194 4432 1320 4503 pro]
1359 4431 1418 4484 in
1454 4432 1504 4485 G
1676 4437 1742 4484 27
1784 4448 1908 4483 011111
1947 4448 2046 4485 om.
2083 4431 2135 4485 G
2261 4448 2420 4484 ,011111
2459 4432 2778 4484 construere
2828 4432 2885 4482 et

588 4511 933 4565 confirimare
973 4512 1083 4578 (rel.
1123 4513 1351 4580 omissis)
1393 4512 1446 4564 V
1585 4516 1651 4564 28
1692 4528 1855 4579 posse
1896 4513 1972 4565 Μ
1982 4511 2034 4564 G'·
