3325 5209
582 357 595 364 ’
621 343 709 407 54
1322 342 1379 397 C.
1422 342 1735 396 SVETONI
1772 342 2217 407 TR-ANQVILLI

620 506 834 570 nantis
890 509 980 587 et,
1039 506 1192 589 quia
1243 506 1580 589 prouisum
1635 506 1993 589 periculum
2052 506 2601 592 subterfugerant,
2662 507 2920 593 legibus

623 612 885 699 adgredi
929 634 1204 695 reosque
1249 612 1460 677 caedis
1512 612 1795 677 absentis
1844 612 2087 676 deferre
2136 614 2381 678 statuit.
2471 613 2657 678 ludos
2704 619 2919 677 autem

621 719 931 784 uictoriae
980 718 1266 783 Caesaris
1321 740 1454 782 non
1508 718 1892 782 audentibus
1938 719 2146 783 facere
2202 720 2437 804 quibus
2484 722 2808 806 optigerat
2853 721 2919 784 id

553 843 583 890 2
622 848 881 909 munuS,
937 827 1089 910 ipse,
1134 825 1347 890 edidit.
1442 830 1505 890 et
1563 847 1693 909 quo
1753 826 2152 890 constantius
2210 831 2419 891 cetera
2476 850 2733 911 quoque
2763 849 2920 891 exe-

626 938 947 1017 queretur,
994 933 1063 996 in
1097 932 1315 997 locum
1352 937 1428 996 tr.
1465 933 1552 1016 pl.
1590 931 1759 996 forte
1797 932 2119 996 demortui
2160 933 2566 998 candidatum
2606 955 2671 997 se
2710 937 2921 998 osten·
2978 955 3007 994 5

623 1039 744 1124 dit,
810 1062 1175 1123 quanquam
1249 1039 1558 1123 patricius
1629 1040 1904 1103 necdum
1980 1045 2255 1105 senator.
2359 1041 2470 1104 sed
2544 1041 2921 1105 aduersante

623 1146 961 1211 conatibus
1026 1147 1158 1209 suis
1222 1146 1309 1211 M.
1364 1145 1649 1210 Antonio
1717 1146 2002 1229 consule,
2079 1169 2272 1229 quem
2334 1147 2441 1210 uel
2503 1146 2920 1231 praecipuum

623 1253 981 1318 adiutorem
1029 1257 1414 1338 sperauerat,
1461 1273 1533 1317 ac
1576 1274 1659 1316 ne
1696 1253 2029 1336 publicum
2068 1254 2330 1336 quidem
2368 1259 2431 1317 et
2467 1254 2918 1318 translatiuum

625 1362 724 1423 ius
788 1359 922 1423 ulla
976 1360 1042 1422 in
1096 1381 1164 1422 re
1220 1359 1346 1423 sibi
1402 1359 1538 1423 sine
1601 1361 1902 1442 pactione
1966 1361 2388 1446 grauissimae
2444 1360 2752 1424 mercedis
2808 1361 2922 1424 im-

551 1483 555 1512 ῑ
624 1467 955 1550 pertiente,
1003 1466 1082 1529 ad
1129 1465 1472 1549 optimates
1522 1487 1589 1529 se
1637 1466 1929 1550 contulit,
1979 1466 2215 1549 quibus
2262 1489 2407 1530 eum
2454 1468 2736 1530 inuisum
2784 1488 2919 1529 sen·
2949 1489 3005 1527 10

624 1572 845 1656 tiebat,
891 1574 1167 1635 maxime
1216 1572 1388 1656 quod
1433 1571 1511 1636 D.
1557 1571 1836 1636 Brutum
1883 1572 2217 1637 obsessum
2255 1572 2544 1636 Mutinae
2590 1572 2921 1658 prouincia

626 1702 662 1741 a
710 1678 978 1742 Caesare
1045 1678 1191 1742 data
1255 1684 1318 1742 et
1382 1701 1497 1762 per
1561 1684 1853 1742 senatum
1911 1681 2289 1744 confirmata
2349 1681 2667 1763 expellere
2727 1679 2920 1743 armis

557 1802 588 1849 3
623 1787 954 1849 niteretur.
1044 1784 1456 1849 hortantibus
1520 1786 1742 1868 itaque
1805 1787 2132 1851 nonnullis
2196 1808 2598 1870 percussores
2664 1788 2722 1849 01
2778 1785 2922 1849 sub-

629 1892 908 1977 ornauit,
974 1914 1047 1955 ac
1104 1891 1323 1956 fraude
1379 1892 1774 1976 deprehensa
1830 1893 2187 1975 periculum
2248 1893 2317 1956 in
2369 1894 2576 1957 uicem
2631 1897 2920 1956 metuens

625 2004 964 2064 ueteranos
1020 2000 1213 2063 simul
1269 2000 1338 2062 in
1393 2022 1580 2062 suum
1638 2020 1713 2063 ac
1766 2001 1860 2062 rei
1915 2023 1976 2083 p.
2033 2000 2342 2064 auxilium
2409 2004 2648 2082 quanta
2708 2001 2921 2083 potuit
2951 2019 3000 2059 15

625 2106 968 2192 largitione
1018 2107 1365 2191 contraxit3
1422 2106 1762 2189 iussusque
1811 2111 2179 2189 comparato
2228 2107 2535 2170 exercitui
2579 2129 2697 2190 pro
2746 2129 2919 2192 prae-

626 2219 766 2278 tore
813 2235 1104 2297 praeesse
1152 2216 1217 2275 et
1262 2235 1407 2277 cum
1445 2211 1662 2276 Hirtio
1718 2234 1792 2276 ac
1839 2212 2072 2295 Pansa,
2121 2213 2232 2295 qui
2273 2214 2678 2277 consulatum
2719 2234 2921 2278 susce·

626 2325 871 2405 perant,
908 2319 987 2383 D.
1015 2319 1218 2383 Bruto
1259 2340 1446 2403 opem
1484 2319 1667 2401 ferre,
1705 2319 2156 2383 demandatum
2195 2319 2436 2382 bellum
2474 2322 2666 2384 tertio
2706 2342 2921 2384 mense

556 2444 590 2490 4
628 2427 903 2491 confecit
950 2426 1202 2491 duobus
1249 2426 1526 2509 proeliis.
1609 2427 1825 2509 priore
1861 2424 2187 2491 Antonius
2232 2425 2477 2513 fugisse
2516 2449 2660 2490 eum
2701 2427 2923 2491 scribit

629 2557 702 2598 ac
745 2535 880 2597 sine
918 2533 1369 2616 paludamento
1409 2555 1707 2615 equoque
1744 2537 1894 2616 post
1932 2532 2198 2596 biduum
2238 2533 2493 2596 demum
2532 2534 2923 2616 apparuisse,
2951 2552 3005 2591 20

629 2640 925 2723 sequenti
990 2641 1145 2703 satis
1211 2644 1463 2705 constat
1526 2646 1658 2704 no‘n
1725 2638 1915 2704 modo
1985 2640 2162 2703 ducis
2172 2690 2190 2723 ,
2263 2639 2374 2703 sed
2439 2641 2630 2704 etiam
2696 2641 2922 2704 militis

629 2748 917 2828 functum
968 2768 1231 2810 munere
1278 2751 1470 2831 atque
1528 2748 1593 2809 in
1641 2746 1850 2810 media
1898 2746 2335 2828 dimicatione,
2383 2746 2722 2830 aquilifero
2768 2747 2923 2830 legi-

632 2854 772 2919 onis
838 2876 988 2918 suae
1052 2855 1339 2939 grauiter
1403 2853 1617 2917 saucio
1639 2904 1656 2936 ,
1721 2853 2001 2934 aquilam
2069 2853 2309 2916 umeris
2374 2853 2621 2917 subisse
2685 2853 2923 2937 diuque

525 2956 606 3022 ll
629 2966 937 3045 portasse.
1027 2961 1151 3025 hoc
1208 2962 1376 3026 bello
1434 2982 1580 3023 cum
1634 2959 1888 3023 Hirtius
1944 2959 2011 3023 in
2066 2961 2225 3042 acie,
2282 2959 2490 3023 Pansa
2535 2962 2727 3044 paulo
2775 2965 2924 3044 post

631 3090 708 3131 ex
774 3067 1038 3131 uulnere
1102 3068 1446 3151 perissent,
1521 3089 1744 3131 11111101
1807 3065 2159 3130 increbruit
2233 3067 2457 3131 ambos
2532 3090 2725 3151 opera
2788 3068 2923 3131 eius
2954 3085 3007 3125 25

776 3304 838 3351 11
885 3298 1034 3352 Oros.
1086 3298 1170 3350 VI
1204 3300 1294 3362 18,
1315 3300 1349 3349 3
1395 3296 1672 3348 Antonius
1714 3311 1748 3347 a
1786 3297 1984 3347 senatu
2030 3294 2209 3348 hostis
2248 3297 2644 3364 pronuntiatus
2682 3295 2746 3349 D.
2787 3296 2925 3348 Bru-

628 3380 750 3431 tum
790 3377 942 3446 apud
978 3376 1257 3429 Mutinam
1304 3374 1595 3428 obsidione
1644 3374 2009 3428 concluserat.
2161 3382 2225 3428 16
2266 3377 2499 3445 Eutrop.
2544 3378 2667 3430 VII
2696 3382 2725 3428 1
2765 3376 2922 3428 missi

632 3459 705 3510 ad
744 3475 870 3511 eum
907 3456 1353 3525 persequendum
1393 3456 1502 3508 duo
1542 3455 1821 3518 consules,
1870 3455 2054 3507 Pansa
2093 3457 2149 3507 et
2187 3455 2429 3524 Hirtius,
2468 3459 2525 3510 et
2564 3455 2922 3510 Octauianus.

637 3540 784 3593 Oros.
826 3539 915 3592 VI
944 3542 1034 3602 18,
1065 3542 1099 3590 3
1139 3536 1392 3589 consules
1430 3535 1647 3589 Hirtius
1696 3538 1754 3587 et
1798 3535 1983 3588 Pansa
2032 3539 2089 3587 et
2126 3552 2253 3588 cum
2299 3537 2387 3589 his
2427 3536 2630 3590 Caesar
2675 3536 2746 3589 ad
2784 3535 2925 3589 libe-

631 3619 869 3671 randum
901 3618 1132 3670 Brutum
1163 3616 1711 3685 expugnandumque
1741 3615 2047 3668 Antonium
2075 3616 2247 3669 missi.
2388 3622 2454 3668 24
2489 3618 2723 3685 Eutrop.
2750 3617 2872 3669 VII
2891 3621 2922 3669 1

633 3699 822 3751 euenit
863 3739 873 3749 .
907 3739 916 3748 .
951 3739 961 3750 .
1000 3700 1064 3750 ut
1103 3698 1342 3750 uictores
1383 3695 1636 3749 consules
1677 3695 1841 3749 ambo
1878 3699 2239 3750 morerentur.
2308 3713 2480 3764 quare
2508 3698 2620 3749 tres
2650 3696 2926 3749 exercitus,

632 3779 729 3830 uni
770 3777 994 3830 Caesari
1034 3780 1285 3846 Augusto
1324 3778 1631 3846 paruerunt
1669 3777 1884 3844 <paullo
1921 3778 2105 3842 fusius
2147 3777 2294 3830 Ονοε.
2340 3777 2424 3829 VI
2455 3781 2544 3844 18,
2574 3781 2623 3829 4.
2656 3780 2726 3846 5).

780 3998 806 4043 1
849 3992 928 4061 et]
969 3992 1066 4044 sed
1096 3992 1329 4059 Bentley
1488 3996 1519 4042 5
1557 3989 1857 4058 petitorem
1888 3996 2014 4056 post
2052 3989 2416 4042 candidatum
2454 3991 2582 4043 add.
2623 3991 2762 4054 HR,
2801 3997 2926 4058 post

633 4076 699 4125 tr.
739 4072 815 4139 pl.
847 4071 984 4124 P2T
1014 4074 1211 4140 (ylo-ssa
1249 4071 1283 4123 i.
1315 4071 1615 4138 petitorem
1643 4070 1819 4123 adse-r.
1851 4071 1914 4122 in
1942 4073 1988 4137 ε)
2120 4075 2151 4121 8
2189 4069 2603 4123 translaticium
2633 4070 2809 4139 (trab)
2838 4070 2924 4122 ius

632 4151 751 4204 ulla
789 4168 814 4204 e
852 4152 965 4204 eod.
1012 4153 1342 4205 Tornaeensi
1379 4153 1539 4217 affert
1580 4151 1894 4204 Glareanus
1931 4152 2028 4210 (sic
2059 4152 2304 4219 primum
2349 4150 2427 4203 ed.
2469 4153 2539 4205 R.
2580 4151 2926 4218 Stephanus),

633 4230 1030 4296 translatiuum
1077 4232 1135 4282 in
1175 4230 1320 4283 sulla
1362 4232 1455 4296 M,
1501 4230 1842 4283 tralaticium
1894 4230 1952 4282 in
1992 4229 2136 4282 sulla
2173 4230 2338 4298 (sylla
2380 4231 2456 4297 G,
2502 4230 2625 4284 sula
2664 4235 2717 4299 ὃ)
2761 4231 2924 4295 GT&

633 4311 975 4364 tralaticium
998 4310 1405 4379 (translaticum
1428 4314 1499 4377 T)
1521 4310 1639 4363 ulla
1654 4315 1711 4362 X
1715 4309 1748 4377 '‚
1776 4310 2122 4363 tralaticium
2151 4328 2352 4363 munus
2373 4312 2610 4381 Madviy
2657 4354 2664 4363 .
2701 4317 2732 4363 9
2762 4312 2821 4363 in
2840 4312 2924 4382 10]

633 4391 753 4444 11110
799 4394 847 4443 Τ
989 4396 1053 4443 10
1092 4393 1242 4460 eum]
1283 4409 1409 4444 cum
1449 4391 1584 4445 ΜΘ
1734 4397 1797 4443 14
1836 4390 1943 4443 hac
1982 4389 2054 4442 X'
2205 4396 2269 4443 15
2311 4407 2376 4443 ac
2414 4390 2509 4457 X‘,
2547 4394 2646 4444 aut
2686 4392 2926 4456 Mam,

633 4476 759 4538 tort.
792 4474 961 4540 atque
1109 4478 1173 4524 16
1213 4471 1459 4525 exercitu
1501 4471 1551 4524 G
1696 4476 1764 4522 24
1804 4473 1860 4523 et
1895 4485 2074 4538 pansa
2115 4470 2183 4535 G,
2219 4486 2511 4539 pansaque
2549 4473 2733 4538 (pens—
2774 4470 2837 4539 Q)
2883 4474 2931 4523 Τ
