3325 5209
1123 383 1342 439 DIVVS
1378 384 1616 439 IVLIVS
1657 397 1791 446 [cu.
1822 397 1998 446 20—23]
2630 387 2706 449 11

590 546 826 612 Socero
892 547 1093 634 igitur
1155 568 1517 633 generoque
1587 547 2091 633 suffragantibus
2164 569 2241 612 ex
2316 550 2492 612 omni
2564 570 2710 633 pro·
2732 548 2817 614 22

409 654 767 719 uinciarum
807 655 994 738 copia
1032 652 1271 718 Gallias
1308 655 1721 738 potissimum
1759 654 1973 741 elegit,
2019 653 2240 719 'scuius
2278 654 2710 720 emolumento

411 766 476 825 et
538 762 980 845 oportunitate
1042 761 1270 826 idonea
1335 762 1418 826 sit
1483 761 1752 825 materia
1786 748 2311 845 triumphorum.
2413 766 2478 825 et
2523 762 2709 827 initio

413 867 671 951 quidem
723 865 999 931 Galliam
1047 866 1439 952 Cisalpinam
1486 867 1750 951 Illyrico
1802 868 2051 932 adiecto
2105 870 2249 954 lege
2297 867 2560 932 Vatinia
2614 890 2710 933 ac-

354 999 380 1037 5
412 975 609 1058 cepit3
672 995 826 1037 mox
880 997 996 1059 per
1051 979 1343 1039 senatum
1400 974 1735 1039 Comatam
1792 997 2075 1059 quoque,
2138 975 2363 1039 ueritis
2418 975 2709 1059 patribus

410 1103 520 1162 ne,
580 1081 636 1144 si
697 1081 822 1163 ipsi
881 1085 1248 1166 negassent,
1307 1084 1590 1167 populus
1651 1085 1717 1146 et
1775 1083 1942 1146 hanc
1997 1081 2191 1146 daret.
2285 1103 2413 1165 quo
2475 1081 2709 1166 gaudio
2748 1101 2779 1147 2

411 1189 617 1251 elatus
664 1209 797 1252 non
842 1187 1252 1270 temperauit,
1301 1188 1457 1272 quin
1503 1209 1745 1272 paucos
1792 1192 1943 1271 post
1988 1189 2123 1252 dies
2170 1188 2489 1272 frequenti
2536 1188 2714 1253 curia

412 1295 706 1376 iactaret,
771 1294 996 1358 inuitis
1058 1298 1124 1358 et
1182 1295 1588 1379 gementibus
1651 1294 2005 1359 aduersaris
2068 1293 2369 1377 adeptum
2426 1317 2494 1359 se
2549 1317 2711 1378 quae

415 1401 847 1484 concupisset,
900 1401 1168 1485 proinde
1225 1423 1303 1464 ex
1360 1423 1435 1465 eo
1490 1402 1950 1466 insultaturum
2018 1402 2305 1465 omnium
2361 1401 2712 1486 capitibus3

329 1530 384 1569 ιο
414 1529 486 1572 ac
539 1512 816 1594 negante
881 1507 1158 1590 quodam
1223 1530 1338 1590 per
1397 1508 1853 1572 contumeliam
1918 1508 2106 1572 facile
2160 1508 2287 1573 hoc
2350 1510 2469 1572 ulli
2531 1509 2711 1572 femi-

411 1637 532 1678 nae
595 1615 758 1698 fore,
834 1613 1238 1699 responderit
1301 1615 1486 1699 quasi
1558 1614 1898 1679 adludens:
1971 1616 2050 1678 in
2117 1614 2339 1679 Suria
2411 1637 2712 1700 quoque

411 1743 774 1807 regnasse
824 1720 1291 1785 Sameramin
1335 1744 1833 1807 magnamque
1881 1720 2109 1786 Asiae
2155 1726 2447 1805 partem
2495 1721 2711 1787 Ama-

412 1850 640 1893 zonas
688 1828 1030 1892 tenuisse
1079 1828 1473 1911 quondam.

592 1934 877 2000 Functus
917 1936 1256 1999 consulatu
1295 1933 1455 1999 Gaio
1493 1933 1800 1999 Memmio
1838 1934 2167 2019 Lucioque
2203 1935 2493 2000 Domitio
2531 1959 2709 2020 prae-
2728 1932 2816 1998 23

329 2063 384 2101 15
413 2042 667 2106 toribus
741 2042 818 2106 de
893 2041 1242 2126 superioris
1317 2040 1467 2105 anni
1541 2040 1705 2106 actis
1776 2042 2200 2106 referentibus
2276 2043 2711 2127 cognitionem

416 2150 667 2214 senatui
731 2148 988 2233 detulit3
1058 2170 1179 2212 nec
1246 2147 1359 2212 illo
1435 2148 1823 2232 suscipiente
1895 2147 2238 2233 triduoque
2309 2170 2426 2232 per
2488 2150 2711 2213 inritas

416 2255 862 2319 altercationes
900 2256 1241 2339 absumpto
1281 2256 1349 2319 in
1385 2256 1789 2339 prouinciam
1829 2255 1987 2319 abiit
2060 2258 2125 2319 et
2163 2255 2383 2319 statim
2415 2259 2715 2338 quaestor

416 2362 554 2425 eius
610 2361 678 2424 in
734 2362 1197 2445 praeiudicium
1255 2361 1505 2445 aliquot
1561 2360 1967 2427 criminibus.
2002 2367 2295 2446 arreptus
2350 2366 2464 2426 est.
2560 2384 2713 2426 mox

417 2473 480 2532 et
527 2469 665 2553 ipse
721 2490 758 2531 a
802 2468 1002 2532 Lucio
1051 2467 1340 2531 Antistio
1399 2472 1477 2531 tr.
1524 2467 1609 2552 pl.
1659 2469 2025 2552 postulatus
2082 2468 2406 2552 appellato
2455 2470 2711 2533 demum

332 2596 387 2634 πο
417 2575 692 2660 collegio
758 2576 1068 2659 optinuit,
1135 2597 1281 2638 cum
1347 2575 1440 2638 rei
1504 2575 1799 2659 publicae
1867 2596 2056 2639 causa
2115 2576 2365 2640 abesset
2421 2594 2568 2640 reus
2632 2597 2714 2640 ne

416 2683 618 2746 fieret.
711 2681 792 2745 ad
846 2681 1251 2745 securitatem
1308 2703 1460 2766 ergo
1525 2682 1770 2765 posteri
1825 2682 2135 2765 temporis
2192 2683 2260 2747 in
2315 2705 2549 2768 magno
2606 2706 2713 2747 ne·
2751 2697 2783 2744 2

420 2789 599 2873 gotio
646 2788 874 2853 habuit
921 2788 1207 2872 obligare
1255 2810 1508 2871 semper
1554 2809 1801 2852 annuos
1849 2789 2263 2874 magistratus
2311 2793 2375 2852 et
2412 2811 2445 2852 e
2482 2790 2714 2872 petito-

419 2896 599 2959 ribus
663 2915 794 2958 non
867 2894 1026 2958 alios
1099 2895 1400 2958 adiuuare
1469 2898 1580 2958 aut
1643 2894 1724 2957 ad
1787 2894 2095 2959 honorem
2161 2897 2298 2980 pati
2362 2898 2714 2979 peruenire,

420 3024 612 3084 quam
679 3003 791 3085 qui
850 3001 974 3064 sibi
1043 3002 1429 3085 recepissent
1498 3005 2019 3087 propugnaturos
2085 3002 2439 3067 absentiam
2506 3025 2713 3086 suam3

560 3199 595 3245 4
632 3194 701 3260 cf.
731 3194 968 3263 Eutrop.
1003 3195 1091 3248 VI
1113 3199 1204 3260 17,
1227 3200 1257 3247 1
1296 3194 1523 3248 decreta
1563 3196 1648 3248 est
1687 3195 1739 3247 ei
1770 3193 1956 3248 Gallia
1986 3197 2043 3248 et
2067 3163 2355 3263 Illyricum
2385 3212 2511 3248 cum
2538 3195 2713 3265 legio-

417 3274 585 3327 nibus
624 3273 816 3327 decem
855 3274 945 3344 (cf.
978 3292 1035 3343 p.
1068 3279 1155 3340 15,
1174 3278 1248 3329 27
1264 3277 1379 3343 sq).
1444 3274 1590 3329 Oros
1627 3276 1714 3328 VI
1738 3279 1787 3340 7,
1819 3280 1848 3327 1

562 3469 592 3514 2
643 3461 887 3516 Galliam
926 3462 1160 3530 Bentley
1305 3461 1485 3532 cuius]
1525 3477 1672 3528 quae
1710 3463 1766 3514 et
1805 3463 2063 3531 Bentley,
2100 3479 2245 3530 quae
2284 3462 2393 3516 sibi
2431 3463 2715 3532 Kiessliny

418 3544 572 3611 apud
600 3543 751 3596 Behr
778 3542 885 3596 obs.
915 3543 979 3594 in
1010 3542 1159 3596 Caes.
1187 3542 1301 3593 III
1324 3558 1381 3609 p.
1414 3544 1448 3594 3
1478 3542 1561 3609 (de
1590 3543 1723 3596 aliis
1749 3544 2074 3597 coniecturis
2107 3561 2162 3596 u.
2193 3544 2269 3596 ad
2298 3545 2330 3597 l.
2353 3545 2407 3611 3)
2553 3548 2582 3595 3
2615 3543 2713 3613 sit]

418 3623 482 3676 fit
512 3622 728 3676 LPOT
750 3623 883 3690 (non
909 3621 989 3691 S),
1027 3620 1135 3674 sibi
1165 3624 1313 3675 esset
1339 3622 1428 3674 uel
1454 3621 1614 3674 fieret
1640 3622 1899 3676 B.·Orus‚
2045 3628 2215 3676 totum
2244 3624 2416 3677 locum
2445 3622 2625 3691 (cuius
2644 3654 2714 3663 —

417 3701 680 3770 materia)
725 3703 883 3756 uarie
928 3707 1354 3769 temptauerunt:
1403 3700 1561 3754 cuius
1613 3702 1993 3755 emolumenta
2034 3704 2092 3756 et
2137 3703 2546 3771 oportunitates
2594 3703 2712 3756 ido-

418 3799 526 3836 nea
564 3780 679 3836 sint
712 3781 951 3835 materia
1000 3782 1251 3846 Casaub„
1286 3783 1422 3834 tunc
1468 3783 1525 3834 et
1571 3781 1946 3835 emolumento
1986 3784 2043 3835 et
2080 3800 2127 3836 0.
2176 3782 2409 3836 idoneas
2445 3782 2715 3837 materiae

419 3863 469 3914 Ι.
490 3862 561 3914 F.
587 3862 842 3927 Gronov„
890 3861 1069 3915 cuiuis
1116 3861 1491 3915 emolumento
1530 3863 1588 3914 et
1623 3877 1673 3914 0.
1712 3862 1943 3915 idoneas
1982 3865 2040 3916 et
2075 3863 2206 3930 (sibi
2237 3880 2342 3931 pro
2373 3866 2429 3917 et
2461 3864 2715 3933 Madviy)

418 3942 659 3995 materia
695 3943 744 3994 I.
761 3942 999 3995 Gronov.
1041 3942 1345 4012 <Madviy),
1384 3941 1584 4010 quouis
1623 3941 2003 3997 emolumento
2043 3945 2100 3997 et
2145 3959 2193 3996 0.
2233 3944 2464 3997 idoneas
2512 3943 2620 3997 sibi
2659 3947 2717 3998 et

418 4022 717 4076 materiam
754 4022 957 4088 Polak,
995 4022 1157 4076 aliter
1195 4023 1299 4075 alii
1451 4027 1484 4074 4
1521 4021 1796 4075 uaticinia
1832 4022 1969 4076 L¹P
1982 4023 2102 4088 OS,
2146 4023 2398 4077 uaticina
2428 4026 2462 4076 δ
2501 4025 2555 4091 (i.
2588 4041 2715 4093 pro-

388 4167 391 4168 ,
418 4100 639 4170 phetali
676 4101 964 4170 proprium
992 4101 1134 4171 legis
1174 4102 1325 4169 apud
1359 4117 1619 4156 romanos
1658 4120 1726 4157 ss.
1751 4102 1824 4155 M
1828 4102 1864 4169 ²,
1901 4120 2101 4156 rasura
2138 4121 2311 4172 supra
2349 4104 2606 4175 natiuis),
2643 4105 2711 4170 ef.

415 4199 470 4250 p.
505 4187 591 4247 15,
613 4186 684 4236 10
838 4186 869 4233 8
907 4181 1275 4235 frementibus
1313 4182 1668 4237 Halbertsma
1823 4188 1885 4235 11
1925 4183 2219 4251 respondit
2265 4205 2296 4252 ρ
2344 4185 2549 4252 aliique
2585 4202 2714 4252 rec,

420 4262 784 4330 responderet
812 4278 844 4320 ς
874 4262 1075 4331 (Torr.)
1222 4262 1374 4330 syria
1404 4262 1681 4328 M2602,
1719 4261 1853 4315 siria
1890 4262 1971 4317 L²
1987 4264 2049 4329 T,
2089 4264 2305 4332 assyria
2340 4267 2388 4317 Τ
2532 4271 2595 4318 12
2627 4281 2714 4319 sa-

421 4341 693 4395 meramin
734 4343 809 4394 M
821 4341 856 4407 ¹,
912 4342 1235 4395 samii-amin
1280 4344 1353 4396 Μ
1364 4342 1400 4408 ²,
1465 4340 1811 4395 samiramim
1851 4344 1965 4409 Va,
2023 4342 2365 4397 semiramim
2421 4346 2530 4413 <uel
2583 4362 2715 4411 -em‚

421 4424 536 4491 -en)
572 4422 666 4476 rel.
816 4427 881 4474 21
929 4422 1158 4491 negotio
1205 4424 1305 4476 del.
1349 4423 1583 4489 Gujetus
1729 4429 1796 4475 24
1833 4422 2183 4492 pepigissent
2210 4428 2269 4476 X
2299 4426 2473 4494 (yloss.
2513 4425 2548 4477 i.
2588 4443 2714 4493 pro-

421 4502 707 4557 misissent
752 4502 926 4556 adser.
969 4501 1083 4568 Μ’,
1120 4503 1248 4556 inde
1284 4502 1674 4570 promisissent
1709 4503 1803 4556 uel
1839 4505 2181 4571 recepissent
2219 4509 2271 4570 ὃ)
