<?xml version="1.0" encoding="UTF-8"?>
<!DOCTYPE html PUBLIC "-//W3C//DTD XHTML 1.0 Transitional//EN"
    "http://www.w3.org/TR/xhtml1/DTD/xhtml1-transitional.dtd">
<html xmlns="http://www.w3.org/1999/xhtml" xml:lang="en" lang="en">
 <head>
  <title>
</title>
<meta http-equiv="Content-Type" content="text/html;charset=utf-8" />
  <meta name='ocr-system' content='tesseract 3.04.00' />
  <meta name='ocr-capabilities' content='ocr_page ocr_carea ocr_par ocr_line ocrx_word'/>
</head>
<body>
  <div class='ocr_page' id='page_1' title='image "./csvetonitranqui00unkngoog_0259.png"; bbox 0 0 3325 5209; ppageno 0'>
   <div class='ocr_carea' id='block_1_1' title="bbox 1180 382 2763 451">
    <p class='ocr_par' dir='ltr' id='par_1_1' title="bbox 1180 382 2763 451">
     <span class='ocr_line' id='line_1_1' title="bbox 1180 382 2763 451; baseline 0.008 -13"><span class='ocrx_word' id='word_1_1' title='bbox 1180 382 1235 438; x_wconf 86' lang='lat' dir='ltr'>C.</span> <span class='ocrx_word' id='word_1_2' title='bbox 1276 383 1635 438; x_wconf 82' lang='lat' dir='ltr'><strong>CALIGVLA</strong></span> <span class='ocrx_word' id='word_1_3' title='bbox 1675 397 1806 446; x_wconf 78' lang='lat' dir='ltr'>[OAP.</span> <span class='ocrx_word' id='word_1_4' title='bbox 1837 399 2012 447; x_wconf 78' lang='lat'><strong>27-31]</strong></span> <span class='ocrx_word' id='word_1_5' title='bbox 2641 388 2763 451; x_wconf 83' lang='grc'>181</span> 
     </span>
    </p>
   </div>
   <div class='ocr_carea' id='block_1_2' title="bbox 428 546 2768 732">
    <p class='ocr_par' dir='ltr' id='par_1_2' title="bbox 428 546 2768 732">
     <span class='ocr_line' id='line_1_2' title="bbox 467 546 2768 636; baseline 0.001 -25"><span class='ocrx_word' id='word_1_6' title='bbox 467 547 766 631; x_wconf 76' lang='lat' dir='ltr'>interimi,</span> <span class='ocrx_word' id='word_1_7' title='bbox 813 546 1043 610; x_wconf 89' lang='lat' dir='ltr'>adiecit</span> <span class='ocrx_word' id='word_1_8' title='bbox 1080 549 1592 613; x_wconf 90' lang='lat' dir='ltr'>necessariam</span> <span class='ocrx_word' id='word_1_9' title='bbox 1645 571 1813 615; x_wconf 89' lang='lat' dir='ltr'>esse</span> <span class='ocrx_word' id='word_1_10' title='bbox 1860 549 2262 636; x_wconf 82' lang='lat' dir='ltr'>sanguinis</span> <span class='ocrx_word' id='word_1_11' title='bbox 2301 551 2768 633; x_wconf 84' lang='lat' dir='ltr'>missionem,</span> 
     </span>
     <span class='ocr_line' id='line_1_3' title="bbox 428 645 2768 732; baseline 0.001 -23"><span class='ocrx_word' id='word_1_12' title='bbox 428 646 588 709; x_wconf 76' lang='lat' dir='ltr'>‘cui</span> <span class='ocrx_word' id='word_1_13' title='bbox 634 648 786 708; x_wconf 90' lang='lat' dir='ltr'>tam</span> <span class='ocrx_word' id='word_1_14' title='bbox 836 645 963 708; x_wconf 85' lang='lat' dir='ltr'>diu</span> <span class='ocrx_word' id='word_1_15' title='bbox 1015 667 1164 708; x_wconf 92' lang='lat' dir='ltr'>non</span> <span class='ocrx_word' id='word_1_16' title='bbox 1218 647 1625 729; x_wconf 75' lang='lat' dir='ltr'>prodesset</span> <span class='ocrx_word' id='word_1_17' title='bbox 1680 648 2126 712; x_wconf 86' lang='lat' dir='ltr'>elleborum.</span> <span class='ocrx_word' id='word_1_18' title='bbox 2210 648 2454 711; x_wconf 91' lang='lat' dir='ltr'>decimo</span> <span class='ocrx_word' id='word_1_19' title='bbox 2512 670 2768 732; x_wconf 89' lang='lat' dir='ltr'>quoque</span> 
     </span>
    </p>
   </div>
   <div class='ocr_carea' id='block_1_3' title="bbox 389 751 2879 3716">
    <p class='ocr_par' dir='ltr' id='par_1_3' title="bbox 389 751 2879 3716">
     <span class='ocr_line' id='line_1_4' title="bbox 469 751 2765 834; baseline 0.001 -18"><span class='ocrx_word' id='word_1_20' title='bbox 469 753 569 816; x_wconf 91' lang='lat' dir='ltr'>die</span> <span class='ocrx_word' id='word_1_21' title='bbox 608 774 942 815; x_wconf 93' lang='lat' dir='ltr'>numerum</span> <span class='ocrx_word' id='word_1_22' title='bbox 982 751 1454 834; x_wconf 90' lang='lat' dir='ltr'>puniendorum</span> <span class='ocrx_word' id='word_1_23' title='bbox 1491 776 1566 817; x_wconf 89' lang='lat' dir='ltr'>ex</span> <span class='ocrx_word' id='word_1_24' title='bbox 1609 754 1903 820; x_wconf 90' lang='lat' dir='ltr'>custodia</span> <span class='ocrx_word' id='word_1_25' title='bbox 1941 754 2351 819; x_wconf 83' lang='lat' dir='ltr'>subscribens</span> <span class='ocrx_word' id='word_1_26' title='bbox 2390 754 2765 819; x_wconf 90' lang='lat' dir='ltr'>rationem</span> 
     </span>
     <span class='ocr_line' id='line_1_5' title="bbox 469 841 2768 945; baseline 0.001 -23"><span class='ocrx_word' id='word_1_27' title='bbox 469 881 544 922; x_wconf 90' lang='lat' dir='ltr'>se</span> <span class='ocrx_word' id='word_1_28' title='bbox 590 841 920 944; x_wconf 81' lang='lat' dir='ltr'>purgare</span> <span class='ocrx_word' id='word_1_29' title='bbox 968 858 1238 922; x_wconf 85' lang='lat' dir='ltr'>dicebat.</span> <span class='ocrx_word' id='word_1_30' title='bbox 1323 857 1524 924; x_wconf 76' lang='lat' dir='ltr'>Gallis</span> <span class='ocrx_word' id='word_1_31' title='bbox 1575 858 1960 945; x_wconf 79' lang='lat' dir='ltr'>Graecisque</span> <span class='ocrx_word' id='word_1_32' title='bbox 2008 862 2258 944; x_wconf 92' lang='lat' dir='ltr'>aliquot</span> <span class='ocrx_word' id='word_1_33' title='bbox 2303 883 2433 926; x_wconf 89' lang='lat' dir='ltr'>uno</span> <span class='ocrx_word' id='word_1_34' title='bbox 2480 864 2768 944; x_wconf 89' lang='lat' dir='ltr'>tempore</span> 
     </span>
     <span class='ocr_line' id='line_1_6' title="bbox 415 965 2879 1053; baseline 0.001 -25"><span class='ocrx_word' id='word_1_35' title='bbox 415 985 438 1024; x_wconf 85' lang='lat'><strong>5</strong></span> <span class='ocrx_word' id='word_1_36' title='bbox 469 965 907 1029; x_wconf 86' lang='lat' dir='ltr'>condemnatis</span> <span class='ocrx_word' id='word_1_37' title='bbox 938 965 1340 1050; x_wconf 73' lang='lat' dir='ltr'>gloriabatur</span> <span class='ocrx_word' id='word_1_38' title='bbox 1373 965 1989 1053; x_wconf 79' lang='lat' dir='ltr'>Gallograeciam</span> <span class='ocrx_word' id='word_1_39' title='bbox 2029 991 2104 1032; x_wconf 92' lang='lat' dir='ltr'>se</span> <span class='ocrx_word' id='word_1_40' title='bbox 2142 967 2556 1053; x_wconf 87' lang='lat' dir='ltr'>subegisse.</span> <span class='ocrx_word' id='word_1_41' title='bbox 2639 975 2879 1041; x_wconf 78' lang='grc'><strong>1101130</strong></span> 
     </span>
     <span class='ocr_line' id='line_1_7' title="bbox 467 1073 2769 1155; baseline 0 -18"><span class='ocrx_word' id='word_1_42' title='bbox 467 1077 707 1138; x_wconf 90' lang='lat' dir='ltr'>temere</span> <span class='ocrx_word' id='word_1_43' title='bbox 736 1073 805 1136; x_wconf 92' lang='lat' dir='ltr'>in</span> <span class='ocrx_word' id='word_1_44' title='bbox 833 1094 1221 1155; x_wconf 85' lang='lat' dir='ltr'>quemquam</span> <span class='ocrx_word' id='word_1_45' title='bbox 1250 1074 1374 1136; x_wconf 92' lang='lat' dir='ltr'>nisi</span> <span class='ocrx_word' id='word_1_46' title='bbox 1404 1073 1643 1138; x_wconf 78' lang='lat' dir='ltr'>crebris</span> <span class='ocrx_word' id='word_1_47' title='bbox 1673 1078 1738 1138; x_wconf 91' lang='lat' dir='ltr'>et</span> <span class='ocrx_word' id='word_1_48' title='bbox 1757 1075 2034 1139; x_wconf 53' lang='lat' dir='ltr'>*minutis</span> <span class='ocrx_word' id='word_1_49' title='bbox 2069 1075 2306 1140; x_wconf 91' lang='lat' dir='ltr'>ictibus</span> <span class='ocrx_word' id='word_1_50' title='bbox 2346 1075 2769 1139; x_wconf 89' lang='lat' dir='ltr'>animaduerti</span> 
     </span>
     <span class='ocr_line' id='line_1_8' title="bbox 465 1181 2771 1265; baseline 0.002 -24"><span class='ocrx_word' id='word_1_51' title='bbox 465 1201 692 1262; x_wconf 91' lang='lat' dir='ltr'>passus</span> <span class='ocrx_word' id='word_1_52' title='bbox 739 1183 862 1258; x_wconf 92' lang='lat' dir='ltr'>est,</span> <span class='ocrx_word' id='word_1_53' title='bbox 919 1184 1232 1262; x_wconf 92' lang='lat' dir='ltr'>perpetuo</span> <span class='ocrx_word' id='word_1_54' title='bbox 1288 1183 1574 1264; x_wconf 88' lang='lat' dir='ltr'>notoque</span> <span class='ocrx_word' id='word_1_55' title='bbox 1620 1182 1749 1245; x_wconf 89' lang='lat' dir='ltr'>iam</span> <span class='ocrx_word' id='word_1_56' title='bbox 1794 1188 2163 1265; x_wconf 88' lang='lat' dir='ltr'>praecepto:</span> <span class='ocrx_word' id='word_1_57' title='bbox 2219 1182 2332 1245; x_wconf 88' lang='lat' dir='ltr'>ita</span> <span class='ocrx_word' id='word_1_58' title='bbox 2374 1181 2522 1246; x_wconf 83' lang='lat' dir='ltr'>feri</span> <span class='ocrx_word' id='word_1_59' title='bbox 2569 1187 2651 1246; x_wconf 93' lang='lat' dir='ltr'>ut</span> <span class='ocrx_word' id='word_1_60' title='bbox 2695 1204 2771 1246; x_wconf 93' lang='lat' dir='ltr'>se</span> 
     </span>
     <span class='ocr_line' id='line_1_9' title="bbox 467 1285 2772 1372; baseline 0.001 -23"><span class='ocrx_word' id='word_1_61' title='bbox 467 1286 661 1350; x_wconf 76' lang='lat' dir='ltr'>mori·</span> <span class='ocrx_word' id='word_1_62' title='bbox 706 1285 1005 1349; x_wconf 89' lang='lat' dir='ltr'>sentiat.</span> <span class='ocrx_word' id='word_1_63' title='bbox 1073 1287 1303 1368; x_wconf 89' lang='lat' dir='ltr'>punito</span> <span class='ocrx_word' id='word_1_64' title='bbox 1351 1309 1468 1371; x_wconf 90' lang='lat' dir='ltr'>per</span> <span class='ocrx_word' id='word_1_65' title='bbox 1514 1309 1796 1352; x_wconf 90' lang='lat' dir='ltr'>errorem</span> <span class='ocrx_word' id='word_1_66' title='bbox 1842 1289 2123 1352; x_wconf 91' lang='lat' dir='ltr'>nominis</span> <span class='ocrx_word' id='word_1_67' title='bbox 2162 1287 2290 1353; x_wconf 89' lang='lat' dir='ltr'>alio</span> <span class='ocrx_word' id='word_1_68' title='bbox 2339 1311 2530 1372; x_wconf 92' lang='lat' dir='ltr'>quam</span> <span class='ocrx_word' id='word_1_69' title='bbox 2580 1311 2772 1372; x_wconf 88' lang='lat' dir='ltr'>quem</span> 
     </span>
     <span class='ocr_line' id='line_1_10' title="bbox 468 1392 2769 1481; baseline 0.001 -26"><span class='ocrx_word' id='word_1_70' title='bbox 468 1392 923 1472; x_wconf 85' lang='lat' dir='ltr'>destinauerat,</span> <span class='ocrx_word' id='word_1_71' title='bbox 980 1393 1190 1475; x_wconf 90' lang='lat' dir='ltr'>ipsum</span> <span class='ocrx_word' id='word_1_72' title='bbox 1249 1415 1506 1478; x_wconf 91' lang='lat' dir='ltr'>quoque</span> <span class='ocrx_word' id='word_1_73' title='bbox 1568 1396 1752 1478; x_wconf 89' lang='lat' dir='ltr'>paria</span> <span class='ocrx_word' id='word_1_74' title='bbox 1808 1395 2116 1460; x_wconf 88' lang='lat' dir='ltr'>meruisse</span> <span class='ocrx_word' id='word_1_75' title='bbox 2178 1395 2359 1458; x_wconf 90' lang='lat' dir='ltr'>dixit.</span> <span class='ocrx_word' id='word_1_76' title='bbox 2451 1396 2769 1481; x_wconf 88' lang='lat' dir='ltr'>tragicum</span> 
     </span>
     <span class='ocr_line' id='line_1_11' title="bbox 390 1499 1915 1581; baseline 0.006 -24"><span class='ocrx_word' id='word_1_77' title='bbox 390 1520 440 1558; x_wconf 82' lang='grc' dir='ltr'>ιο</span> <span class='ocrx_word' id='word_1_78' title='bbox 467 1499 652 1581; x_wconf 68' lang='lat' dir='ltr'>(Aac.</span> <span class='ocrx_word' id='word_1_79' title='bbox 684 1505 837 1580; x_wconf 73' lang='lat' dir='ltr'>tray.</span> <span class='ocrx_word' id='word_1_80' title='bbox 867 1501 1039 1581; x_wconf 76' lang='lat'><em>203&gt;</em></span> <span class='ocrx_word' id='word_1_81' title='bbox 1081 1499 1243 1563; x_wconf 87' lang='lat' dir='ltr'>illud</span> <span class='ocrx_word' id='word_1_82' title='bbox 1290 1500 1561 1565; x_wconf 88' lang='lat' dir='ltr'>subinde</span> <span class='ocrx_word' id='word_1_83' title='bbox 1608 1501 1915 1566; x_wconf 84' lang='lat' dir='ltr'>iactabat:</span> 
     </span>
     <span class='ocr_line' id='line_1_12' title="bbox 1138 1605 2087 1689; baseline 0.005 -21"><span class='ocrx_word' id='word_1_84' title='bbox 1138 1605 1470 1689; x_wconf 91' lang='lat' dir='ltr'>oderint,</span> <span class='ocrx_word' id='word_1_85' title='bbox 1515 1607 1685 1670; x_wconf 92' lang='lat' dir='ltr'>dum</span> <span class='ocrx_word' id='word_1_86' title='bbox 1732 1612 2087 1673; x_wconf 88' lang='lat' dir='ltr'>metuant.</span> 
     </span>
     <span class='ocr_line' id='line_1_13' title="bbox 470 1713 2838 1799; baseline 0.001 -25"><span class='ocrx_word' id='word_1_87' title='bbox 470 1734 657 1795; x_wconf 86' lang='lat' dir='ltr'>saepe</span> <span class='ocrx_word' id='word_1_88' title='bbox 713 1714 782 1776; x_wconf 92' lang='lat' dir='ltr'>in</span> <span class='ocrx_word' id='word_1_89' title='bbox 837 1715 1100 1776; x_wconf 91' lang='lat' dir='ltr'>cunctos</span> <span class='ocrx_word' id='word_1_90' title='bbox 1147 1713 1389 1794; x_wconf 89' lang='lat' dir='ltr'>pariter</span> <span class='ocrx_word' id='word_1_91' title='bbox 1445 1717 1772 1779; x_wconf 86' lang='lat' dir='ltr'>senatores</span> <span class='ocrx_word' id='word_1_92' title='bbox 1818 1718 1891 1778; x_wconf 90' lang='lat' dir='ltr'>ut</span> <span class='ocrx_word' id='word_1_93' title='bbox 1940 1714 2155 1780; x_wconf 85' lang='lat' dir='ltr'>Seiani</span> <span class='ocrx_word' id='word_1_94' title='bbox 2202 1714 2471 1799; x_wconf 79' lang='lat' dir='ltr'>clientiS,</span> <span class='ocrx_word' id='word_1_95' title='bbox 2519 1719 2594 1778; x_wconf 92' lang='lat' dir='ltr'>ut</span> <span class='ocrx_word' id='word_1_96' title='bbox 2639 1737 2766 1777; x_wconf 87' lang='lat' dir='ltr'>ma-</span> <span class='ocrx_word' id='word_1_97' title='bbox 2809 1741 2838 1786; x_wconf 82' lang='lat'><strong>2</strong></span> 
     </span>
     <span class='ocr_line' id='line_1_14' title="bbox 469 1819 2771 1905; baseline 0.002 -24"><span class='ocrx_word' id='word_1_98' title='bbox 469 1819 586 1882; x_wconf 91' lang='lat' dir='ltr'>tris</span> <span class='ocrx_word' id='word_1_99' title='bbox 634 1840 706 1881; x_wconf 93' lang='lat' dir='ltr'>ac</span> <span class='ocrx_word' id='word_1_100' title='bbox 729 1819 1016 1882; x_wconf 81' lang='lat' dir='ltr'>fratrum</span> <span class='ocrx_word' id='word_1_101' title='bbox 1056 1840 1321 1882; x_wconf 92' lang='lat' dir='ltr'>suorum</span> <span class='ocrx_word' id='word_1_102' title='bbox 1360 1819 1693 1904; x_wconf 91' lang='lat' dir='ltr'>delatores,</span> <span class='ocrx_word' id='word_1_103' title='bbox 1741 1821 2032 1885; x_wconf 89' lang='lat' dir='ltr'>inuectus</span> <span class='ocrx_word' id='word_1_104' title='bbox 2075 1826 2173 1886; x_wconf 89' lang='lat' dir='ltr'>est</span> <span class='ocrx_word' id='word_1_105' title='bbox 2208 1821 2477 1905; x_wconf 89' lang='lat' dir='ltr'>prolatis</span> <span class='ocrx_word' id='word_1_106' title='bbox 2514 1822 2771 1904; x_wconf 86' lang='lat' dir='ltr'>libellis,</span> 
     </span>
     <span class='ocr_line' id='line_1_15' title="bbox 471 1925 2772 2011; baseline 0.002 -24"><span class='ocrx_word' id='word_1_107' title='bbox 471 1946 632 2006; x_wconf 92' lang='lat' dir='ltr'>quos</span> <span class='ocrx_word' id='word_1_108' title='bbox 690 1928 1005 1989; x_wconf 89' lang='lat' dir='ltr'>crematos</span> <span class='ocrx_word' id='word_1_109' title='bbox 1063 1925 1506 2007; x_wconf 83' lang='lat' dir='ltr'>simulauerat,</span> <span class='ocrx_word' id='word_1_110' title='bbox 1562 1927 1948 2011; x_wconf 86' lang='lat' dir='ltr'>defensaque</span> <span class='ocrx_word' id='word_1_111' title='bbox 1994 1927 2213 1992; x_wconf 86' lang='lat' dir='ltr'>Tiberi</span> <span class='ocrx_word' id='word_1_112' title='bbox 2270 1928 2541 1993; x_wconf 90' lang='lat' dir='ltr'>saeuitia</span> <span class='ocrx_word' id='word_1_113' title='bbox 2588 1929 2772 2011; x_wconf 89' lang='lat' dir='ltr'>quasi</span> 
     </span>
     <span class='ocr_line' id='line_1_16' title="bbox 390 2031 2772 2117; baseline 0.001 -22"><span class='ocrx_word' id='word_1_114' title='bbox 390 2053 439 2091; x_wconf 75' lang='lat'>1⁵</span> <span class='ocrx_word' id='word_1_115' title='bbox 468 2031 840 2110; x_wconf 90' lang='lat' dir='ltr'>necessaria,</span> <span class='ocrx_word' id='word_1_116' title='bbox 876 2052 1023 2095; x_wconf 92' lang='lat' dir='ltr'>cum</span> <span class='ocrx_word' id='word_1_117' title='bbox 1061 2035 1162 2095; x_wconf 91' lang='lat' dir='ltr'>tot</span> <span class='ocrx_word' id='word_1_118' title='bbox 1198 2032 1688 2098; x_wconf 74' lang='lat' dir='ltr'>criminantibus</span> <span class='ocrx_word' id='word_1_119' title='bbox 1728 2034 2111 2098; x_wconf 90' lang='lat' dir='ltr'>credendum</span> <span class='ocrx_word' id='word_1_120' title='bbox 2151 2039 2333 2099; x_wconf 89' lang='lat' dir='ltr'>esset.</span> <span class='ocrx_word' id='word_1_121' title='bbox 2412 2040 2772 2117; x_wconf 87' lang='lat' dir='ltr'>equestrem</span> 
     </span>
     <span class='ocr_line' id='line_1_17' title="bbox 471 2138 2770 2224; baseline 0 -21"><span class='ocrx_word' id='word_1_122' title='bbox 471 2139 758 2203; x_wconf 88' lang='lat' dir='ltr'>ordinem</span> <span class='ocrx_word' id='word_1_123' title='bbox 818 2142 892 2201; x_wconf 91' lang='lat' dir='ltr'>ut</span> <span class='ocrx_word' id='word_1_124' title='bbox 958 2159 1224 2202; x_wconf 90' lang='lat' dir='ltr'>scaenae</span> <span class='ocrx_word' id='word_1_125' title='bbox 1287 2138 1689 2224; x_wconf 87' lang='lat' dir='ltr'>harenaeque</span> <span class='ocrx_word' id='word_1_126' title='bbox 1755 2141 2060 2205; x_wconf 90' lang='lat' dir='ltr'>deuotum</span> <span class='ocrx_word' id='word_1_127' title='bbox 2126 2141 2377 2205; x_wconf 89' lang='lat' dir='ltr'>assidue</span> <span class='ocrx_word' id='word_1_128' title='bbox 2445 2140 2770 2224; x_wconf 89' lang='lat' dir='ltr'>proscidit.</span> 
     </span>
     <span class='ocr_line' id='line_1_18' title="bbox 468 2245 2769 2312; baseline 0 -4"><span class='ocrx_word' id='word_1_129' title='bbox 468 2245 756 2309; x_wconf 86' lang='lat' dir='ltr'>infensus</span> <span class='ocrx_word' id='word_1_130' title='bbox 823 2245 1047 2310; x_wconf 85' lang='lat' dir='ltr'>turbae</span> <span class='ocrx_word' id='word_1_131' title='bbox 1104 2245 1351 2309; x_wconf 88' lang='lat' dir='ltr'>fauenti</span> <span class='ocrx_word' id='word_1_132' title='bbox 1405 2246 1710 2311; x_wconf 88' lang='lat' dir='ltr'>aduersus</span> <span class='ocrx_word' id='word_1_133' title='bbox 1767 2247 2051 2312; x_wconf 90' lang='lat' dir='ltr'>studium</span> <span class='ocrx_word' id='word_1_134' title='bbox 2108 2269 2295 2311; x_wconf 89' lang='lat' dir='ltr'>suum</span> <span class='ocrx_word' id='word_1_135' title='bbox 2362 2247 2769 2311; x_wconf 86' lang='lat' dir='ltr'>exclamauit:</span> 
     </span>
     <span class='ocr_line' id='line_1_19' title="bbox 468 2352 2772 2437; baseline -0.001 -20"><span class='ocrx_word' id='word_1_136' title='bbox 468 2353 759 2417; x_wconf 91' lang='lat' dir='ltr'>utinam</span> <span class='ocrx_word' id='word_1_137' title='bbox 806 2376 865 2437; x_wconf 88' lang='lat' dir='ltr'>p.</span> <span class='ocrx_word' id='word_1_138' title='bbox 907 2352 980 2416; x_wconf 89' lang='lat' dir='ltr'>R.</span> <span class='ocrx_word' id='word_1_139' title='bbox 1028 2375 1248 2417; x_wconf 89' lang='lat' dir='ltr'>unam</span> <span class='ocrx_word' id='word_1_140' title='bbox 1306 2354 1681 2419; x_wconf 88' lang='lat' dir='ltr'>ceruicem</span> <span class='ocrx_word' id='word_1_141' title='bbox 1728 2353 2071 2418; x_wconf 82' lang='lat' dir='ltr'>haberet!</span> <span class='ocrx_word' id='word_1_142' title='bbox 2123 2375 2396 2437; x_wconf 90' lang='lat' dir='ltr'>cumque</span> <span class='ocrx_word' id='word_1_143' title='bbox 2445 2352 2772 2417; x_wconf 90' lang='lat' dir='ltr'>Tetrinius</span> 
     </span>
     <span class='ocr_line' id='line_1_20' title="bbox 468 2460 2771 2545; baseline -0 -23"><span class='ocrx_word' id='word_1_144' title='bbox 468 2460 634 2524; x_wconf 88' lang='lat' dir='ltr'>latro</span> <span class='ocrx_word' id='word_1_145' title='bbox 699 2461 1163 2543; x_wconf 87' lang='lat' dir='ltr'>postularetur,</span> <span class='ocrx_word' id='word_1_146' title='bbox 1238 2465 1311 2524; x_wconf 91' lang='lat' dir='ltr'>et</span> <span class='ocrx_word' id='word_1_147' title='bbox 1375 2461 1505 2543; x_wconf 92' lang='lat' dir='ltr'>qui</span> <span class='ocrx_word' id='word_1_148' title='bbox 1568 2461 2084 2545; x_wconf 86' lang='lat' dir='ltr'>postularent,</span> <span class='ocrx_word' id='word_1_149' title='bbox 2149 2460 2543 2525; x_wconf 86' lang='lat' dir='ltr'>Tetrinios</span> <span class='ocrx_word' id='word_1_150' title='bbox 2611 2480 2771 2524; x_wconf 88' lang='lat' dir='ltr'>esse</span> 
     </span>
     <span class='ocr_line' id='line_1_21' title="bbox 390 2566 2845 2654; baseline 0.002 -30"><span class='ocrx_word' id='word_1_151' title='bbox 390 2585 440 2623; x_wconf 81' lang='lat'>20</span> <span class='ocrx_word' id='word_1_152' title='bbox 469 2566 574 2630; x_wconf 87' lang='lat' dir='ltr'>ait.</span> <span class='ocrx_word' id='word_1_153' title='bbox 657 2567 878 2630; x_wconf 90' lang='lat' dir='ltr'>retiari</span> <span class='ocrx_word' id='word_1_154' title='bbox 924 2568 1195 2630; x_wconf 89' lang='lat' dir='ltr'>tunicati</span> <span class='ocrx_word' id='word_1_155' title='bbox 1233 2568 1518 2651; x_wconf 89' lang='lat' dir='ltr'>quinque</span> <span class='ocrx_word' id='word_1_156' title='bbox 1553 2590 1824 2632; x_wconf 92' lang='lat' dir='ltr'>numero</span> <span class='ocrx_word' id='word_1_157' title='bbox 1863 2567 2181 2654; x_wconf 80' lang='lat' dir='ltr'>gregatim</span> <span class='ocrx_word' id='word_1_158' title='bbox 2222 2567 2596 2631; x_wconf 89' lang='lat' dir='ltr'>dimicantes</span> <span class='ocrx_word' id='word_1_159' title='bbox 2636 2567 2772 2629; x_wconf 90' lang='lat' dir='ltr'>sine</span> <span class='ocrx_word' id='word_1_160' title='bbox 2811 2592 2845 2638; x_wconf 87' lang='lat'><strong>3</strong></span> 
     </span>
     <span class='ocr_line' id='line_1_22' title="bbox 470 2672 2794 2759; baseline -0.001 -22"><span class='ocrx_word' id='word_1_161' title='bbox 470 2674 815 2737; x_wconf 85' lang='lat' dir='ltr'>certamine</span> <span class='ocrx_word' id='word_1_162' title='bbox 859 2673 996 2737; x_wconf 93' lang='lat' dir='ltr'>ullo</span> <span class='ocrx_word' id='word_1_163' title='bbox 1043 2675 1315 2738; x_wconf 90' lang='lat' dir='ltr'>totidem</span> <span class='ocrx_word' id='word_1_164' title='bbox 1362 2675 1763 2739; x_wconf 90' lang='lat' dir='ltr'>secutoribus</span> <span class='ocrx_word' id='word_1_165' title='bbox 1820 2674 2319 2759; x_wconf 82' lang='lat' dir='ltr'>succubuerant3</span> <span class='ocrx_word' id='word_1_166' title='bbox 2375 2696 2521 2739; x_wconf 91' lang='lat' dir='ltr'>cum</span> <span class='ocrx_word' id='word_1_167' title='bbox 2569 2672 2794 2737; x_wconf 91' lang='lat' dir='ltr'>occidi·</span> 
     </span>
     <span class='ocr_line' id='line_1_23' title="bbox 470 2779 2773 2864; baseline 0.002 -21"><span class='ocrx_word' id='word_1_168' title='bbox 470 2779 868 2861; x_wconf 88' lang='lat' dir='ltr'>iuberentur,</span> <span class='ocrx_word' id='word_1_169' title='bbox 922 2803 1090 2844; x_wconf 92' lang='lat' dir='ltr'>unus</span> <span class='ocrx_word' id='word_1_170' title='bbox 1144 2787 1469 2864; x_wconf 90' lang='lat' dir='ltr'>resumpta</span> <span class='ocrx_word' id='word_1_171' title='bbox 1509 2781 1763 2847; x_wconf 83' lang='lat' dir='ltr'>fuscina</span> <span class='ocrx_word' id='word_1_172' title='bbox 1819 2802 2039 2846; x_wconf 90' lang='lat' dir='ltr'>omnes</span> <span class='ocrx_word' id='word_1_173' title='bbox 2095 2782 2376 2848; x_wconf 89' lang='lat' dir='ltr'>uictores</span> <span class='ocrx_word' id='word_1_174' title='bbox 2423 2780 2773 2847; x_wconf 86' lang='lat' dir='ltr'>interemit:</span> 
     </span>
     <span class='ocr_line' id='line_1_24' title="bbox 469 2886 2773 2970; baseline 0.002 -21"><span class='ocrx_word' id='word_1_175' title='bbox 469 2888 634 2950; x_wconf 91' lang='lat' dir='ltr'>hanc</span> <span class='ocrx_word' id='word_1_176' title='bbox 680 2889 755 2950; x_wconf 92' lang='lat' dir='ltr'>ut</span> <span class='ocrx_word' id='word_1_177' title='bbox 809 2886 1314 2951; x_wconf 82' lang='lat' dir='ltr'>crudelissimam</span> <span class='ocrx_word' id='word_1_178' title='bbox 1371 2889 1626 2952; x_wconf 90' lang='lat' dir='ltr'>caedem</span> <span class='ocrx_word' id='word_1_179' title='bbox 1683 2894 1749 2953; x_wconf 92' lang='lat' dir='ltr'>et</span> <span class='ocrx_word' id='word_1_180' title='bbox 1804 2888 2066 2952; x_wconf 91' lang='lat' dir='ltr'>defleuit</span> <span class='ocrx_word' id='word_1_181' title='bbox 2113 2890 2319 2966; x_wconf 85' lang='lat' dir='ltr'>edicto</span> <span class='ocrx_word' id='word_1_182' title='bbox 2368 2891 2433 2951; x_wconf 93' lang='lat' dir='ltr'>et</span> <span class='ocrx_word' id='word_1_183' title='bbox 2479 2909 2614 2970; x_wconf 81' lang='lat' dir='ltr'>eOS,</span> <span class='ocrx_word' id='word_1_184' title='bbox 2662 2891 2773 2968; x_wconf 92' lang='lat' dir='ltr'>qui</span> 
     </span>
     <span class='ocr_line' id='line_1_25' title="bbox 471 2994 2876 3079; baseline -0 -21"><span class='ocrx_word' id='word_1_185' title='bbox 471 2998 758 3077; x_wconf 90' lang='lat' dir='ltr'>spectare</span> <span class='ocrx_word' id='word_1_186' title='bbox 814 2994 1284 3076; x_wconf 85' lang='lat' dir='ltr'>sustinuissent,</span> <span class='ocrx_word' id='word_1_187' title='bbox 1340 3000 1670 3059; x_wconf 88' lang='lat' dir='ltr'>execratus</span> <span class='ocrx_word' id='word_1_188' title='bbox 1728 2998 1841 3061; x_wconf 89' lang='lat' dir='ltr'>est.</span> <span class='ocrx_word' id='word_1_189' title='bbox 1935 2997 2118 3078; x_wconf 92' lang='lat' dir='ltr'>queri</span> <span class='ocrx_word' id='word_1_190' title='bbox 2174 2997 2368 3059; x_wconf 91' lang='lat' dir='ltr'>etiam</span> <span class='ocrx_word' id='word_1_191' title='bbox 2425 2996 2638 3079; x_wconf 91' lang='lat' dir='ltr'>palam</span> <span class='ocrx_word' id='word_1_192' title='bbox 2695 2994 2771 3057; x_wconf 92' lang='lat' dir='ltr'>de</span> <span class='ocrx_word' id='word_1_193' title='bbox 2790 3001 2876 3066; x_wconf 78' lang='lat'>31</span> 
     </span>
     <span class='ocr_line' id='line_1_26' title="bbox 389 3101 2774 3185; baseline -0 -21"><span class='ocrx_word' id='word_1_194' title='bbox 389 3118 440 3157; x_wconf 81' lang='lat'>25</span> <span class='ocrx_word' id='word_1_195' title='bbox 472 3101 844 3165; x_wconf 89' lang='lat' dir='ltr'>condicione</span> <span class='ocrx_word' id='word_1_196' title='bbox 899 3105 1261 3184; x_wconf 90' lang='lat' dir='ltr'>temporum</span> <span class='ocrx_word' id='word_1_197' title='bbox 1319 3123 1580 3166; x_wconf 90' lang='lat' dir='ltr'>suorum</span> <span class='ocrx_word' id='word_1_198' title='bbox 1638 3103 1914 3185; x_wconf 90' lang='lat' dir='ltr'>solebat,</span> <span class='ocrx_word' id='word_1_199' title='bbox 1972 3102 2143 3185; x_wconf 91' lang='lat' dir='ltr'>quod</span> <span class='ocrx_word' id='word_1_200' title='bbox 2198 3102 2396 3183; x_wconf 83' lang='lat' dir='ltr'>nullis</span> <span class='ocrx_word' id='word_1_201' title='bbox 2451 3101 2774 3167; x_wconf 88' lang='lat' dir='ltr'>calamita-</span> 
     </span>
     <span class='ocr_line' id='line_1_27' title="bbox 470 3207 2776 3294; baseline 0 -25"><span class='ocrx_word' id='word_1_202' title='bbox 470 3207 642 3272; x_wconf 92' lang='lat' dir='ltr'>tibus</span> <span class='ocrx_word' id='word_1_203' title='bbox 672 3207 951 3291; x_wconf 90' lang='lat' dir='ltr'>publicis</span> <span class='ocrx_word' id='word_1_204' title='bbox 979 3208 1467 3293; x_wconf 82' lang='lat' dir='ltr'>insignirentur3</span> <span class='ocrx_word' id='word_1_205' title='bbox 1505 3207 1789 3293; x_wconf 87' lang='lat' dir='ltr'>Augusti</span> <span class='ocrx_word' id='word_1_206' title='bbox 1818 3210 2252 3294; x_wconf 86' lang='lat' dir='ltr'>principatum</span> <span class='ocrx_word' id='word_1_207' title='bbox 2280 3210 2458 3274; x_wconf 91' lang='lat' dir='ltr'>clade</span> <span class='ocrx_word' id='word_1_208' title='bbox 2476 3208 2776 3290; x_wconf 88' lang='lat' dir='ltr'>Variana,</span> 
     </span>
     <span class='ocr_line' id='line_1_28' title="bbox 470 3312 2775 3398; baseline 0 -22"><span class='ocrx_word' id='word_1_209' title='bbox 470 3312 689 3378; x_wconf 91' lang='lat' dir='ltr'>Tiberi</span> <span class='ocrx_word' id='word_1_210' title='bbox 723 3314 909 3378; x_wconf 90' lang='lat' dir='ltr'>ruina</span> <span class='ocrx_word' id='word_1_211' title='bbox 947 3313 1457 3395; x_wconf 87' lang='lat' dir='ltr'>spectaculorum</span> <span class='ocrx_word' id='word_1_212' title='bbox 1495 3314 1669 3398; x_wconf 92' lang='lat' dir='ltr'>apud</span> <span class='ocrx_word' id='word_1_213' title='bbox 1696 3313 1968 3380; x_wconf 86' lang='lat' dir='ltr'>Fidenas</span> <span class='ocrx_word' id='word_1_214' title='bbox 1996 3313 2476 3379; x_wconf 90' lang='lat' dir='ltr'>memorabilem</span> <span class='ocrx_word' id='word_1_215' title='bbox 2514 3315 2775 3395; x_wconf 89' lang='lat' dir='ltr'>factum,</span> 
     </span>
     <span class='ocr_line' id='line_1_29' title="bbox 471 3419 2774 3505; baseline -0 -20"><span class='ocrx_word' id='word_1_216' title='bbox 471 3443 586 3485; x_wconf 91' lang='lat' dir='ltr'>suo</span> <span class='ocrx_word' id='word_1_217' title='bbox 635 3420 1028 3484; x_wconf 90' lang='lat' dir='ltr'>obliuionem</span> <span class='ocrx_word' id='word_1_218' title='bbox 1077 3422 1410 3485; x_wconf 90' lang='lat' dir='ltr'>imminere</span> <span class='ocrx_word' id='word_1_219' title='bbox 1447 3421 1875 3505; x_wconf 90' lang='lat' dir='ltr'>prosperitate</span> <span class='ocrx_word' id='word_1_220' title='bbox 1911 3444 2150 3505; x_wconf 83' lang='lat' dir='ltr'>rerum3</span> <span class='ocrx_word' id='word_1_221' title='bbox 2199 3426 2390 3503; x_wconf 92' lang='lat' dir='ltr'>atque</span> <span class='ocrx_word' id='word_1_222' title='bbox 2427 3419 2774 3484; x_wconf 91' lang='lat' dir='ltr'>identidem</span> 
     </span>
     <span class='ocr_line' id='line_1_30' title="bbox 471 3526 2775 3612; baseline 0 -23"><span class='ocrx_word' id='word_1_223' title='bbox 471 3528 868 3591; x_wconf 85' lang='lat' dir='ltr'>exercituum</span> <span class='ocrx_word' id='word_1_224' title='bbox 917 3528 1154 3610; x_wconf 82' lang='lat' dir='ltr'>caedeS,</span> <span class='ocrx_word' id='word_1_225' title='bbox 1201 3526 1456 3611; x_wconf 89' lang='lat' dir='ltr'>famem,</span> <span class='ocrx_word' id='word_1_226' title='bbox 1501 3527 1980 3612; x_wconf 83' lang='lat' dir='ltr'>pestilentiam,</span> <span class='ocrx_word' id='word_1_227' title='bbox 2001 3527 2320 3610; x_wconf 89' lang='lat' dir='ltr'>incendia,</span> <span class='ocrx_word' id='word_1_228' title='bbox 2365 3527 2615 3591; x_wconf 89' lang='lat' dir='ltr'>hiatum</span> <span class='ocrx_word' id='word_1_229' title='bbox 2663 3526 2775 3590; x_wconf 94' lang='lat' dir='ltr'>ali-</span> 
     </span>
     <span class='ocr_line' id='line_1_31' title="bbox 394 3633 1249 3716; baseline 0.001 -20"><span class='ocrx_word' id='word_1_230' title='bbox 394 3651 446 3689; x_wconf 73' lang='grc'>30</span> <span class='ocrx_word' id='word_1_231' title='bbox 475 3654 663 3715; x_wconf 91' lang='lat' dir='ltr'>quem</span> <span class='ocrx_word' id='word_1_232' title='bbox 711 3637 916 3697; x_wconf 90' lang='lat' dir='ltr'>terrae</span> <span class='ocrx_word' id='word_1_233' title='bbox 965 3633 1249 3716; x_wconf 92' lang='lat' dir='ltr'>optabat.</span> 
     </span>
    </p>
   </div>
   <div class='ocr_carea' id='block_1_4' title="bbox 551 3771 896 3776">
    <p class='ocr_par' dir='ltr' id='par_1_4' title="bbox 551 3771 896 3776">
     <span class='ocr_line' id='line_1_32' title="bbox 551 3771 896 3776; baseline 0 0"><span class='ocrx_word' id='word_1_234' title='bbox 551 3771 896 3776; x_wconf 95' lang='lat' dir='ltr'> </span> 
     </span>
    </p>
   </div>
   <div class='ocr_carea' id='block_1_5' title="bbox 476 3833 2780 4145">
    <p class='ocr_par' dir='ltr' id='par_1_5' title="bbox 476 3833 2780 4145">
     <span class='ocr_line' id='line_1_33' title="bbox 619 3833 2778 3904; baseline 0 -18"><span class='ocrx_word' id='word_1_235' title='bbox 619 3840 680 3886; x_wconf 84' lang='lat'>17</span> <span class='ocrx_word' id='word_1_236' title='bbox 728 3836 874 3889; x_wconf 84' lang='lat' dir='ltr'>Oros.</span> <span class='ocrx_word' id='word_1_237' title='bbox 908 3835 1032 3888; x_wconf 86' lang='lat' dir='ltr'>VII</span> <span class='ocrx_word' id='word_1_238' title='bbox 1053 3841 1103 3901; x_wconf 85' lang='lat'>5,</span> <span class='ocrx_word' id='word_1_239' title='bbox 1121 3840 1160 3889; x_wconf 76' lang='lat'><strong><em>2</em></strong></span> <span class='ocrx_word' id='word_1_240' title='bbox 1196 3835 1315 3902; x_wconf 91' lang='lat' dir='ltr'>hic,</span> <span class='ocrx_word' id='word_1_241' title='bbox 1362 3836 1427 3887; x_wconf 93' lang='lat' dir='ltr'>ut</span> <span class='ocrx_word' id='word_1_242' title='bbox 1473 3835 1721 3888; x_wconf 89' lang='lat' dir='ltr'>breuiter</span> <span class='ocrx_word' id='word_1_243' title='bbox 1765 3835 2216 3904; x_wconf 87' lang='lat' dir='ltr'>magnitudinem</span> <span class='ocrx_word' id='word_1_244' title='bbox 2264 3833 2616 3888; x_wconf 86' lang='lat' dir='ltr'>crudelitatis</span> <span class='ocrx_word' id='word_1_245' title='bbox 2655 3835 2778 3886; x_wconf 90' lang='lat' dir='ltr'>eius</span> 
     </span>
     <span class='ocr_line' id='line_1_34' title="bbox 476 3914 2774 3984; baseline 0 -18"><span class='ocrx_word' id='word_1_246' title='bbox 476 3930 825 3981; x_wconf 80' lang='lat' dir='ltr'>expromam,</span> <span class='ocrx_word' id='word_1_247' title='bbox 872 3915 1214 3969; x_wconf 85' lang='lat' dir='ltr'>exclamasse</span> <span class='ocrx_word' id='word_1_248' title='bbox 1259 3914 1460 3968; x_wconf 88' lang='lat' dir='ltr'>fertur:</span> <span class='ocrx_word' id='word_1_249' title='bbox 1509 3915 1729 3968; x_wconf 85' lang='lat' dir='ltr'>utinam</span> <span class='ocrx_word' id='word_1_250' title='bbox 1775 3915 2018 3984; x_wconf 89' lang='lat' dir='ltr'>populus</span> <span class='ocrx_word' id='word_1_251' title='bbox 2057 3915 2341 3968; x_wconf 86' lang='lat' dir='ltr'>Romanus</span> <span class='ocrx_word' id='word_1_252' title='bbox 2389 3931 2558 3968; x_wconf 90' lang='lat' dir='ltr'>unam</span> <span class='ocrx_word' id='word_1_253' title='bbox 2598 3914 2774 3967; x_wconf 89' lang='lat' dir='ltr'>cerui-</span> 
     </span>
     <span class='ocr_line' id='line_1_35' title="bbox 477 3995 2780 4064; baseline 0 -19"><span class='ocrx_word' id='word_1_254' title='bbox 477 4010 597 4045; x_wconf 92' lang='lat' dir='ltr'>cem</span> <span class='ocrx_word' id='word_1_255' title='bbox 633 3995 881 4048; x_wconf 88' lang='lat' dir='ltr'>haberet.</span> <span class='ocrx_word' id='word_1_256' title='bbox 1028 4001 1095 4048; x_wconf 83' lang='lat'>24</span> <span class='ocrx_word' id='word_1_257' title='bbox 1133 3996 1264 4049; x_wconf 76' lang='lat' dir='ltr'>ibid.</span> <span class='ocrx_word' id='word_1_258' title='bbox 1305 4010 1473 4063; x_wconf 89' lang='lat' dir='ltr'>saepe</span> <span class='ocrx_word' id='word_1_259' title='bbox 1512 3996 1685 4048; x_wconf 89' lang='lat' dir='ltr'>etiam</span> <span class='ocrx_word' id='word_1_260' title='bbox 1724 3995 1792 4048; x_wconf 87' lang='lat' dir='ltr'>de</span> <span class='ocrx_word' id='word_1_261' title='bbox 1832 3996 2160 4049; x_wconf 89' lang='lat' dir='ltr'>condicione</span> <span class='ocrx_word' id='word_1_262' title='bbox 2195 3999 2514 4064; x_wconf 88' lang='lat' dir='ltr'>temporum</span> <span class='ocrx_word' id='word_1_263' title='bbox 2552 4011 2780 4047; x_wconf 89' lang='lat' dir='ltr'>suorum</span> 
     </span>
     <span class='ocr_line' id='line_1_36' title="bbox 476 4074 2548 4145; baseline 0.001 -20"><span class='ocrx_word' id='word_1_264' title='bbox 476 4077 812 4142; x_wconf 84' lang='lat' dir='ltr'>conquestus</span> <span class='ocrx_word' id='word_1_265' title='bbox 852 4077 952 4141; x_wconf 90' lang='lat' dir='ltr'>est,</span> <span class='ocrx_word' id='word_1_266' title='bbox 991 4075 1140 4143; x_wconf 91' lang='lat' dir='ltr'>quod</span> <span class='ocrx_word' id='word_1_267' title='bbox 1178 4074 1349 4128; x_wconf 88' lang='lat' dir='ltr'>nullis</span> <span class='ocrx_word' id='word_1_268' title='bbox 1388 4076 1810 4129; x_wconf 77' lang='lat' dir='ltr'>calamitatibus</span> <span class='ocrx_word' id='word_1_269' title='bbox 1846 4076 2091 4145; x_wconf 88' lang='lat' dir='ltr'>publicis</span> <span class='ocrx_word' id='word_1_270' title='bbox 2127 4075 2548 4145; x_wconf 87' lang='lat' dir='ltr'>insignirentur.</span> 
     </span>
    </p>
   </div>
   <div class='ocr_carea' id='block_1_6' title="bbox 572 4188 721 4192">
    <p class='ocr_par' dir='ltr' id='par_1_6' title="bbox 572 4188 721 4192">
     <span class='ocr_line' id='line_1_37' title="bbox 572 4188 721 4192; baseline 0 0"><span class='ocrx_word' id='word_1_271' title='bbox 572 4188 721 4192; x_wconf 95' lang='lat' dir='ltr'> </span> 
     </span>
    </p>
   </div>
   <div class='ocr_carea' id='block_1_7' title="bbox 476 4270 2785 4580">
    <p class='ocr_par' dir='ltr' id='par_1_7' title="bbox 476 4270 2785 4580">
     <span class='ocr_line' id='line_1_38' title="bbox 622 4270 2773 4341; baseline 0 -18"><span class='ocrx_word' id='word_1_272' title='bbox 622 4276 649 4323; x_wconf 95' lang='lat'><strong>1</strong></span> <span class='ocrx_word' id='word_1_273' title='bbox 690 4270 948 4324; x_wconf 89' lang='lat' dir='ltr'>interemi</span> <span class='ocrx_word' id='word_1_274' title='bbox 980 4274 1052 4325; x_wconf 88' lang='lat' dir='ltr'><em>M</em></span> <span class='ocrx_word' id='word_1_275' title='bbox 1058 4271 1212 4341; x_wconf 74' lang='lat' dir='ltr'>¹11¹Q</span> <span class='ocrx_word' id='word_1_276' title='bbox 1248 4273 1337 4339; x_wconf 82' lang='lat' dir='ltr'>(cf.</span> <span class='ocrx_word' id='word_1_277' title='bbox 1369 4273 1519 4326; x_wconf 82' lang='lat' dir='ltr'>Nero</span> <span class='ocrx_word' id='word_1_278' title='bbox 1549 4274 1640 4341; x_wconf 79' lang='lat'>37)</span> <span class='ocrx_word' id='word_1_279' title='bbox 1790 4277 1817 4323; x_wconf 87' lang='lat'>7</span> <span class='ocrx_word' id='word_1_280' title='bbox 1858 4270 1964 4324; x_wconf 89' lang='lat' dir='ltr'>feri</span> <span class='ocrx_word' id='word_1_281' title='bbox 1994 4271 2266 4336; x_wconf 84' lang='lat' dir='ltr'>M²LPS,</span> <span class='ocrx_word' id='word_1_282' title='bbox 2311 4271 2433 4324; x_wconf 83' lang='lat' dir='ltr'>fieri</span> <span class='ocrx_word' id='word_1_283' title='bbox 2464 4274 2537 4325; x_wconf 88' lang='lat' dir='ltr'><em>M</em></span> <span class='ocrx_word' id='word_1_284' title='bbox 2544 4271 2559 4301; x_wconf 84' lang='lat'>²</span> <span class='ocrx_word' id='word_1_285' title='bbox 2596 4278 2643 4324; x_wconf 83' lang='lat' dir='ltr'>et</span> <span class='ocrx_word' id='word_1_286' title='bbox 2681 4273 2773 4324; x_wconf 76' lang='lat' dir='ltr'>rel.</span> 
     </span>
     <span class='ocr_line' id='line_1_39' title="bbox 476 4351 2775 4419; baseline -0 -16"><span class='ocrx_word' id='word_1_287' title='bbox 476 4351 660 4416; x_wconf 80' lang='lat' dir='ltr'>(etiam</span> <span class='ocrx_word' id='word_1_288' title='bbox 696 4351 782 4419; x_wconf 90' lang='grc' dir='ltr'>Ν)</span> <span class='ocrx_word' id='word_1_289' title='bbox 887 4357 949 4403; x_wconf 91' lang='grc'>21</span> <span class='ocrx_word' id='word_1_290' title='bbox 994 4352 1406 4405; x_wconf 87' lang='lat' dir='ltr'>succubuerunt</span> <span class='ocrx_word' id='word_1_291' title='bbox 1444 4369 1681 4419; x_wconf 87' lang='lat' dir='ltr'>cumque</span> <span class='ocrx_word' id='word_1_292' title='bbox 1715 4352 1766 4405; x_wconf 75' lang='lat' dir='ltr'><em>G</em></span> <span class='ocrx_word' id='word_1_293' title='bbox 1867 4357 1932 4404; x_wconf 85' lang='lat'>22</span> <span class='ocrx_word' id='word_1_294' title='bbox 1971 4352 2136 4404; x_wconf 89' lang='lat' dir='ltr'>unius</span> <span class='ocrx_word' id='word_1_295' title='bbox 2169 4351 2392 4406; x_wconf 82' lang='lat' dir='ltr'><strong><em>MLPS</em></strong></span> <span class='ocrx_word' id='word_1_296' title='bbox 2490 4357 2555 4404; x_wconf 87' lang='grc'>23</span> <span class='ocrx_word' id='word_1_297' title='bbox 2596 4353 2652 4403; x_wconf 87' lang='lat' dir='ltr'>et</span> <span class='ocrx_word' id='word_1_298' title='bbox 2682 4366 2775 4403; x_wconf 89' lang='lat' dir='ltr'>eos</span> 
     </span>
     <span class='ocr_line' id='line_1_40' title="bbox 477 4429 2785 4497; baseline -0 -14"><span class='ocrx_word' id='word_1_299' title='bbox 477 4429 660 4483; x_wconf 88' lang='lat' dir='ltr'>edicto</span> <span class='ocrx_word' id='word_1_300' title='bbox 684 4433 741 4482; x_wconf 88' lang='lat' dir='ltr'><em>X</em></span> <span class='ocrx_word' id='word_1_301' title='bbox 845 4437 909 4483; x_wconf 82' lang='lat'>27</span> <span class='ocrx_word' id='word_1_302' title='bbox 941 4431 1304 4484; x_wconf 88' lang='lat' dir='ltr'>memorabile</span> <span class='ocrx_word' id='word_1_303' title='bbox 1332 4434 1485 4484; x_wconf 85' lang='lat' dir='ltr'>YPT</span> <span class='ocrx_word' id='word_1_304' title='bbox 1590 4437 1657 4485; x_wconf 86' lang='grc'>28</span> <span class='ocrx_word' id='word_1_305' title='bbox 1694 4431 1780 4484; x_wconf 91' lang='lat' dir='ltr'>sui</span> <span class='ocrx_word' id='word_1_306' title='bbox 1810 4432 2031 4497; x_wconf 84' lang='lat' dir='ltr'>PSTN,</span> <span class='ocrx_word' id='word_1_307' title='bbox 2070 4432 2173 4485; x_wconf 92' lang='lat' dir='ltr'>sub</span> <span class='ocrx_word' id='word_1_308' title='bbox 2204 4432 2283 4485; x_wconf 77' lang='lat' dir='ltr'>L⁸</span> <span class='ocrx_word' id='word_1_309' title='bbox 2393 4436 2459 4484; x_wconf 86' lang='grc'>29</span> <span class='ocrx_word' id='word_1_310' title='bbox 2500 4431 2785 4484; x_wconf 86' lang='lat' dir='ltr'>exercitus</span> 
     </span>
     <span class='ocr_line' id='line_1_41' title="bbox 478 4509 1609 4580; baseline 0.002 -18"><span class='ocrx_word' id='word_1_311' title='bbox 478 4512 563 4575; x_wconf 81' lang='lat' dir='ltr'>M,</span> <span class='ocrx_word' id='word_1_312' title='bbox 603 4511 850 4564; x_wconf 70' lang='lat' dir='ltr'>exercitu</span> <span class='ocrx_word' id='word_1_313' title='bbox 893 4512 958 4575; x_wconf 78' lang='lat' dir='ltr'>G,</span> <span class='ocrx_word' id='word_1_314' title='bbox 1000 4509 1338 4564; x_wconf 90' lang='lat' dir='ltr'>exercitibus</span> <span class='ocrx_word' id='word_1_315' title='bbox 1378 4512 1609 4580; x_wconf 76' lang='lat' dir='ltr'>Bentley</span> 
     </span>
    </p>
   </div>
  </div>
 </body>
</html>
