3325 5209
1054 433 1272 488 DIVVS
1313 434 1670 489 CLAVDIVS
1710 447 1838 495 [0111).
1869 446 2045 494 41—45]
2570 434 2702 498 229

410 600 654 659 statura
698 598 1126 681 permitteret,
1183 602 1403 683 togam
1452 598 1601 662 dare
1649 599 2048 681 destinasset,
2096 597 2355 662 adiecit:
2413 602 2494 661 ut
2539 602 2702 661 tan-

410 703 570 766 dem
626 703 959 787 populus
1008 703 1082 767 R.
1131 726 1392 768 uerum
1451 703 1841 768 Caesarem
1903 703 2200 768 habeat.
2284 726 2411 768 non
2471 700 2811 769 multo-44

411 831 532 893 que
597 814 746 893 post
805 815 1260 876 testamentum
1319 812 1514 876 etiam
1570 811 1953 894 conscripsit
2017 832 2090 874 ac
2150 811 2354 895 signis
2416 812 2702 874 omnium

408 917 903 1001 magistratuum
944 917 1328 1002 obsignauit.
1404 919 1584 1001 prius
1624 917 1828 1002 igitur
1866 939 2056 1002 quam
2095 917 2268 980 ultra
2295 917 2703 1001 progredere-

356 1045 380 1085 5
411 1027 533 1106 tur,
589 1029 975 1107 praeuentus
1033 1030 1131 1089 est
1195 1025 1274 1088 ab
1330 1023 1722 1110 Agrippina,
1789 1047 1981 1108 quam
2036 1029 2291 1107 praeter
2343 1024 2502 1088 haec
2557 1046 2704 1088 con-

411 1130 678 1194 scientia
743 1152 998 1215 quoque
1071 1153 1188 1195 nec
1260 1131 1474 1194 minus
1542 1131 1859 1195 delatores
1933 1130 2285 1194 multorum
2360 1131 2701 1194 criminum

410 1237 780 1323 arguebant.

586 1344 675 1409 Et
720 1367 968 1408 ueneno
1019 1345 1277 1428 quidem
1326 1346 1607 1410 occisum
1666 1346 2000 1429 conuenit3
2058 1344 2169 1407 ubi
2221 1349 2434 1407 autem
2483 1347 2546 1406 et
2591 1366 2707 1427 per
2742 1358 2777 1408 2

411 1474 599 1534 quem
648 1452 817 1536 dato,
864 1452 1200 1536 discrepat.
1285 1453 1545 1536 quidam
1593 1453 1858 1516 tradunt
1913 1452 2199 1535 epulanti
2257 1451 2325 1514 in
2371 1471 2513 1513 arce
2559 1471 2705 1513 cum

330 1580 381 1619 ιο
407 1559 845 1623 sacerdotibus
918 1582 1034 1644 per
1104 1559 1416 1623 Halotum
1500 1559 1846 1641 spadonem
1937 1561 2514 1643 praegustatorem3
2596 1557 2707 1619 alii

410 1665 763 1729 domestico
811 1666 1114 1729 conuiuio
1161 1687 1277 1749 per
1313 1666 1520 1749 ipsam
1559 1663 2005 1750 Agrippinam,
2054 1687 2216 1748 quae
2253 1664 2540 1728 boletum
2581 1686 2709 1726 me-

411 1771 692 1835 dicatum
742 1771 1115 1835 auidissimo
1163 1770 1453 1835 ciborum
1496 1770 1726 1834 talium
1774 1771 2112 1854 optulerat.
2197 1772 2390 1834 etiam
2439 1770 2516 1833 de
2563 1770 2707 1834 sub—

413 1878 827 1962 sequentibus
890 1879 1144 1941 diuersa
1206 1879 1379 1941 fama
1438 1882 1553 1942 est.
1636 1877 1825 1941 multi
1888 1879 2107 1941 statim
2167 1877 2399 1940 hausto
2459 1897 2705 1939 ueneno
2747 1894 2777 1941 3

413 1984 812 2047 obmutuisse
871 1985 1051 2047 aiunt
1108 1985 1669 2067 excruciatumque
1726 1982 2058 2046 doloribus
2113 1986 2301 2045 nocte
2357 1986 2495 2045 tota
2542 1983 2708 2045 defe-

335 2110 384 2150 15
414 2092 575 2154 cisse
630 2112 832 2173 prope
887 2090 1114 2155 lucem.
1188 2090 1486 2154 nonnulli
1543 2091 1711 2153 inter
1768 2089 1952 2153 initia
1998 2089 2434 2172 consopitum,
2481 2088 2708 2151 deinde

413 2198 556 2262 cibo
613 2197 916 2261 affluente
973 2197 1333 2261 euomuisse
1390 2197 1631 2281 omnia,
1687 2197 2158 2280 repetitumque
2218 2195 2434 2259 toxico
2446 2247 2463 2279 ,
2512 2196 2710 2260 incer-

412 2310 552 2368 tum
598 2304 847 2388 pultine
894 2303 1140 2386 addito,
1188 2324 1333 2367 cum
1382 2303 1563 2367 uelut
1609 2303 1993 2366 exhaustum
2041 2303 2219 2366 refici
2266 2303 2410 2367 cibo
2459 2307 2710 2386 oporte-

411 2415 534 2495 ret,
595 2433 678 2475 an
736 2411 1027 2475 immisso
1075 2432 1191 2494 per
1247 2409 1675 2494 clystera[m],
1731 2415 1805 2474 ut
1860 2411 2041 2493 quasi
2100 2409 2492 2473 abundantia
2535 2409 2710 2473 labo-

411 2520 580 2582 ranti
641 2520 832 2582 etiam
893 2518 1017 2581 hoc
1077 2538 1308 2602 genere
1370 2518 1720 2601 egestionis
1783 2516 2249 2599 subueniretur.
2333 2538 2505 2580 mors
2566 2517 2702 2580 eius
2715 2515 2808 2581 45

332 2646 384 2684 20
413 2626 618 2690 celata
646 2629 769 2709 est,
817 2625 1017 2688 donec
1055 2626 1223 2688 circa
1252 2610 1683 2688 successorem
1713 2625 1929 2687 omnia
1967 2624 2429 2687 ordinarentur.
2493 2624 2711 2706 itaque

406 2738 478 2795 'et
524 2733 707 2816 quasi
765 2754 881 2815 pro
939 2753 1130 2815 aegro
1180 2730 1387 2794 adhuc
1442 2736 1597 2795 uota
1643 2734 1938 2814 suscepta
1995 2733 2145 2794 sunt
2194 2733 2258 2793 et
2304 2731 2551 2794 inducti
2597 2752 2713 2814 per

416 2838 888 2903 simulationem
952 2838 1267 2921 comoedi,
1344 2838 1456 2922 qui
1520 2838 1701 2901 uelut
1767 2836 2229 2901 desiderantem
2299 2837 2710 2902 oblectarent.

416 2947 689 3011 excessit
743 2944 857 3009 III.
904 2943 995 3009 Id.
1046 2942 1266 3008 Octob.
1315 2943 1544 3008 Asinio
1600 2944 1907 3007 Marcello
1963 2942 2176 3008 Acilio
2236 2944 2470 3008 Auiola
2526 2966 2683 3009 coss.
2705 2960 2924 3008 ⁸541».st

417 3051 818 3138 sexagesimo
868 3054 1096 3134 quarto
1145 3049 1391 3134 aetatis,
1438 3051 1695 3133 imperii
1744 3054 1973 3134 quarto
2014 3051 2261 3114 decimo
2301 3073 2489 3135 anno,
2534 3051 2712 3115 fune-

336 3177 385 3216 25
413 3165 720 3242 ratusque
758 3162 855 3221 est
893 3158 1191 3221 sollemni
1217 3157 1586 3241 principum
1614 3179 1854 3241 pompa
1891 3162 1955 3221 et
1983 3160 2053 3222 in
2079 3181 2417 3222 numerum
2450 3158 2713 3223 deorum

560 3357 591 3404 8
631 3357 682 3404 et
712 3358 773 3404 11
819 3352 1001 3405 Victor
1031 3351 1180 3405 Cae-3.
1210 3355 1261 3415 4,
1285 3355 1353 3405 13
1391 3353 1574 3418 (uxor)
1620 3366 1839 3404 ueneno
1888 3351 2184 3420 coniugem
2232 3352 2519 3406 interemit
2563 3354 2713 3420 (inde

418 3433 574 3500 Epit.
604 3435 666 3497 4,
694 3434 804 3500 10).
861 3430 1009 3484 Oros.
1053 3431 1177 3484 VII
1200 3437 1261 3496 6,
1292 3436 1361 3485 18
1424 3430 1743 3484 manifestis
1799 3432 2004 3484 ueneni
2070 3432 2245 3500 signis
2303 3435 2388 3484 est
2441 3436 2711 3487 mortuus.

420 3515 628 3567 Auson.
658 3516 842 3577 259,5
890 3509 1157 3565 Claudius
1206 3511 1471 3580 ambiguo
1519 3511 1795 3564 conclusit
1839 3510 1960 3564 fata
1996 3528 2231 3564 ueneno.
2323 3564 2329 3569 ,
2420 3517 2483 3566 19
2533 3513 2715 3567 Victor

420 3593 568 3646 Caes.
592 3597 643 3658 4,
665 3596 733 3645 15
771 3590 938 3644 funus
971 3635 979 3644 .
1008 3636 1016 3645 .
1043 3635 1053 3645 .
1085 3592 1183 3645 diu
1221 3591 1582 3657 occultatum,
1622 3591 1758 3643 dum
1799 3593 1918 3644 arte
1955 3591 2207 3644 mulieris
2246 3594 2491 3661 corrupti
2531 3598 2714 3647 custo·

420 3672 518 3725 des
556 3688 787 3742 aegrum
825 3672 1095 3725 simulant
1131 3674 1281 3743 (inde
1318 3672 1474 3741 Epit.
1505 3674 1685 3739 4‚11).
1861 3677 1927 3724 23
1969 3672 2203 3739 Eutrop.
2248 3673 2369 3725 VII
2392 3677 2532 3738 13,5
2570 3673 2715 3726 uixit

421 3768 594 3804 annos
631 3751 736 3804 1111
773 3755 831 3805 et
858 3752 970 3818 LX,
1007 3752 1312 3820 imperauit
1347 3751 1515 3805 XIIII.
1554 3754 1686 3820 post
1730 3754 1967 3805 mortem
2006 3754 2362 3804 consecratus
2401 3755 2487 3806 est
2524 3753 2711 3807 diuus-

420 3848 528 3899 que
559 3831 894 3901 appellatus.
937 3833 1092 3900 Epit.
1116 3838 1168 3897 4,
1191 3837 1221 3884 1
1260 3832 1566 3900 imperauit
1595 3847 1771 3885 annos
1801 3832 2252 3899 quattuordecim
2283 3834 2370 3901 (ef.
2406 3834 2536 3887 Vict.
2564 3835 2709 3888 Caes

420 3917 472 3976 4,
494 3916 600 3981 14).
647 3917 699 3977 4,
720 3918 786 3965 11
814 3913 960 3965 uixit
991 3928 1165 3965 annos
1194 3911 1490 3981 sexaginta
1517 3913 1803 3979 quattuor.
1847 3912 1995 3966 Oros.
2031 3914 2153 3967 VII
2174 3918 2223 3979 6,
2248 3917 2276 3964 1
2307 3913 2624 3981 mansitque
2654 3915 2713 3967 111

419 4008 483 4045 eo
522 3995 727 4062 (reyno)
776 3993 937 4045 annis
986 3991 1449 4059 quattuordecim.
1508 3993 1576 4058 cf.
1618 3995 1831 4045 Auson.
1861 3997 1991 4055 258,
2015 3999 2046 4045 5
2095 3988 2361 4045 Claudius
2408 3993 2714 4047 hebdoma-

420 4072 550 4125 dam
590 4071 874 4141 duplicem
910 4073 1103 4125 trahit.

561 4248 589 4294 7
630 4241 946 4311 urguebant
980 4243 1188 4296 Maller
1225 4241 1378 4310 apud
1407 4242 1766 4296 B.-Grusium
1803 4249 1854 4295 et
1883 4243 2134 4311 Madviy,
2175 4242 2455 4296 acuebant
2483 4244 2716 4312 Bentley

423 4329 486 4375 12
516 4322 873 4376 ualidissimo
897 4323 971 4374 M
973 4322 1059 4374 Ga
1162 4328 1227 4375 15
1252 4320 1502 4374 nonnolli
1523 4324 1755 4390 propter
1775 4323 1847 4374 M
1952 4327 2016 4374 16
2047 4322 2288 4375 afluente
2311 4323 2384 4375 M
2400 4323 2713 4392 (Graevius)

423 4409 486 4456 18
508 4402 750 4471 clystera
772 4419 805 4461 ς
825 4402 1191 4471 (Salmasius),
1220 4401 1517 4469 clysteram
1538 4401 1656 4469 (cli-
1678 4402 1893 4470 LPSO)
1914 4403 1979 4454 M
1983 4402 2195 4466 LPSO,
2224 4421 2372 4454 -rum
2396 4404 2465 4469 G,
2485 4420 2624 4456 -rem
2654 4407 2715 4468 T,

418 4500 501 4535 -re
540 4485 588 4537 T
729 4488 794 4536 19
833 4483 953 4536 eius
991 4499 1138 4535 mors
1168 4485 1225 4534 X
1382 4487 1447 4534 22
1487 4481 1798 4536 oblectaret
1830 4485 1903 4536 M
2063 4488 2129 4535 24
2169 4483 2373 4535 aetatis
2410 4502 2578 4551 usque
2616 4484 2715 4536 de—

418 4563 561 4617 cimo
601 4581 699 4617 om.
736 4565 810 4617 M
948 4582 1085 4616 x1111.
1121 4562 1226 4614 GT
1365 4561 1657 4614 funeratus
1692 4563 1743 4616 G
