3325 5209
1248 400 1543 456 TIBERIV
1547 401 1582 454 S
1622 413 1754 463 [eff.
1785 415 1960 464 52—55]
2623 403 2748 467 149

456 564 687 648 laqueo
744 564 1209 650 strangulatam
1263 565 1331 628 in
1390 563 1733 629 Gemonias
1791 565 2119 630 abiecerit:
2174 588 2420 651 proque
2465 566 2581 630 tali
2629 567 2753 632 cle-

457 672 697 735 mentia
751 671 1077 755 interponi
1135 672 1460 736 decretum
1514 695 1742 757 passus
1798 676 1923 757 est,
1971 695 2099 758 quo
2148 673 2271 738 sibi
2316 675 2560 759 gratiae
2608 695 2755 761 age-

457 782 680 841 rentur
724 781 790 843 et
837 776 1201 862 Capitolino
1249 777 1393 844 Ioui
1441 779 1681 843 donum
1730 802 1808 844 ex
1853 801 2008 844 auro
2056 784 2429 844 sacraretur.

640 883 800 949 Cum
849 907 927 948 ex
966 883 1344 951 Germanico
1386 890 1520 950 tres
1558 891 1843 970 nepoteS‚
1888 885 2213 951 Neronem
2260 891 2325 950 et
2362 886 2645 951 Drusum
2685 884 2856 953 et54

404 1017 429 1057 5
461 989 718 1074 Gaium,
774 1014 854 1056 ex
899 991 1111 1056 Druso
1167 1015 1367 1056 unum
1414 992 1745 1057 Tiberium
1801 993 2094 1077 haberet,
2155 993 2498 1058 destitutus
2545 999 2751 1059 morte

454 1097 804 1163 liberorum
868 1098 1185 1163 maximos
1243 1103 1402 1163 natu
1467 1099 1542 1163 de
1610 1098 1977 1165 Germanici
2040 1100 2224 1185 filiis,
2297 1099 2623 1165 Neronem
2687 1106 2751 1167 et

454 1204 757 1290 Drusum,
803 1206 1095 1290 patribus
1143 1206 1527 1291 conscriptis
1566 1208 2041 1272 commendauit
2078 1207 2374 1290 diemque
2410 1209 2748 1292 utriusque

454 1311 734 1376 tirocinii
796 1313 1124 1399 congiario
1190 1314 1404 1398 plebei
1465 1314 1614 1378 dato
1678 1314 2041 1379 celebrauit.
2135 1314 2245 1378 sed
2306 1319 2379 1378 ut
2437 1316 2750 1400 comperit

454 1420 713 1483 ineunte
761 1442 929 1484 anno
975 1443 1092 1505 pro
1141 1442 1362 1484 eorum
1411 1443 1666 1504 quoque
1705 1420 1910 1485 salute
1948 1421 2205 1505 publice
2242 1425 2398 1486 uota
2435 1427 2751 1506 suscepta,

374 1549 426 1590 ιο
453 1526 587 1611 egit
615 1548 760 1590 cum
790 1531 1032 1613 senam,
1069 1550 1218 1592 non
1259 1527 1530 1591 debere
1568 1528 1759 1592 talia
1787 1529 2128 1612 praemia
2159 1529 2399 1593 tribui
2438 1529 2591 1593 nisi
2630 1551 2751 1592 ex-

451 1635 695 1717 pertis
743 1638 816 1699 et
854 1639 1104 1698 aetate
1140 1635 1555 1719 prouectiS.
1631 1639 1822 1718 atque
1861 1658 1940 1700 ex
1978 1657 2052 1700 eo
2090 1637 2411 1720 patefacta
2446 1635 2750 1701 interiore
2788 1651 2819 1698 2

454 1740 649 1804 animi
716 1741 817 1804 sui
880 1745 1037 1804 nota
1100 1741 1388 1806 omnium
1462 1741 2019 1806 criminationibus
2095 1742 2410 1807 obnoxios
2473 1742 2750 1807 reddidit

452 1846 761 1929 uariaque
806 1847 1027 1911 fraude
1074 1847 1399 1932 inductos,
1456 1851 1527 1912 ut
1575 1852 1637 1913 et
1694 1849 2167 1914 concitarentur
2223 1849 2301 1912 ad
2348 1850 2638 1914 conuicia
2684 1853 2750 1913 et

454 1953 757 2017 concitati
801 1954 1251 2039 proderentur,
1306 1955 1633 2019 accusauit
1688 1977 1801 2038 per
1855 1955 2104 2019 litteras
2161 1957 2557 2020 amarissime
2604 1977 2750 2020 con-

378 2083 427 2122 15
458 2060 656 2143 gestis
713 2061 906 2125 etiam
961 2061 1214 2146 probris
1268 2066 1336 2126 et
1392 2062 1704 2126 iudicatos
1753 2061 1961 2127 hostis
2008 2063 2177 2126 fame
2223 2064 2503 2148 necauit‚
2548 2062 2750 2127 Nero-

453 2188 598 2230 nem
646 2168 716 2231 in
769 2168 980 2232 insula
1024 2167 1276 2251 Pontia,
1321 2168 1605 2232 Drusum
1660 2169 1729 2233 in
1785 2169 1915 2233 ima
1960 2173 2139 2252 parte
2187 2168 2433 2232 Palatii.
2518 2173 2751 2254 putant

450 2272 775 2338 Neronem
833 2275 914 2338 ad
967 2277 1401 2341 uoluntariam
1459 2280 1734 2340 mortem
1792 2280 2110 2359 coactum,
2166 2298 2312 2341 cum
2359 2276 2417 2339 ei
2467 2276 2752 2341 carnifex

453 2381 636 2462 quasi
684 2402 763 2444 ex
818 2386 1076 2447 senatus
1134 2383 1517 2447 auctoritate
1563 2382 1799 2446 missus
1855 2382 2119 2466 laqueos
2177 2387 2242 2446 et
2296 2404 2496 2447 uncos
2543 2387 2751 2448 osten-

450 2490 643 2570 taret,
703 2487 917 2553 Druso
966 2494 1182 2553 autem
1229 2490 1387 2554 adeo
1437 2489 1741 2553 alimenta
1790 2489 2132 2573 subducta,
2188 2493 2263 2553 ut
2308 2494 2669 2554 tomentum
2717 2513 2751 2554 e

373 2616 427 2655 20
456 2593 687 2658 culcita
725 2596 1137 2679 temptauerit
1179 2596 1504 2681 mandere3
1552 2597 1888 2661 amborum
1936 2596 2029 2661 sic
2066 2596 2370 2680 reliquias
2409 2597 2750 2682 dispersaS,

452 2705 525 2764 ut
570 2703 683 2765 uix
729 2702 1113 2786 quandoque
1161 2704 1377 2788 colligi
1424 2707 1706 2788 possent.

632 2805 838 2892 Super
880 2813 1126 2873 ueteres
1174 2809 1413 2874 amicos
1460 2832 1535 2874 ac
1577 2810 1926 2875 familiares
1964 2810 2199 2895 uiginti
2239 2810 2364 2874 sibi
2401 2833 2435 2874 e
2472 2833 2742 2877 numero
2761 2805 2852 2872 55

454 2914 816 2998 principum
873 2915 1155 2980 ciuitatis
1213 2916 1672 3000 depoposcerat
1733 2918 1915 2981 uelut
1970 2918 2372 2983 consiliarios
2429 2919 2496 2982 in
2553 2941 2748 3006 nego-

451 3021 560 3085 tiis
606 3022 899 3105 publicis
982 3021 1215 3087 horum
1271 3023 1560 3087 omnium
1617 3024 1731 3086 uix
1786 3024 1946 3089 duos
2002 3047 2165 3088 anne
2221 3029 2348 3090 tres
2403 3026 2745 3092 incolumis

370 3149 421 3188 25
449 3129 795 3212 praestitit,
860 3133 1104 3193 ceteros
1167 3130 1389 3222 alium-
1435 3130 1562 3217 alia
1609 3130 1686 3193 de
1743 3152 1933 3195 causa
1989 3131 2295 3215 perculit,
2359 3133 2530 3197 inter
2585 3156 2746 3216 quos
2828 3123 2877 3179 7

451 3256 596 3298 cum
651 3234 1079 3319 plurimorum
1128 3218 1321 3300 clade
1342 3218 1608 3301 “Aelium
1659 3235 1990 3322 Seianum3
2050 3261 2239 3321 quem
2299 3239 2379 3301 ad
2427 3262 2746 3304 summam

450 3341 805 3424 potentiam
860 3365 990 3406 non
1046 3347 1179 3406 tam
1236 3343 1674 3409 beniuolentia
1729 3348 2139 3427 prouexerat,
2203 3367 2397 3427 quam
2453 3350 2527 3409 ut
2582 3351 2748 3411 esset

452 3448 634 3512 cuius
680 3449 1040 3513 ministerio
1079 3471 1152 3513 ac
1188 3450 1522 3514 fraudibus
1559 3450 1797 3514 liberos
1838 3449 2202 3515 Germanici
2239 3452 2746 3537 circumueniret,

593 3683 658 3730 22
704 3678 851 3733 Oros,
887 3679 1010 3733 VII
1027 3684 1080 3745 4,
1100 3683 1138 3732 8
1192 3679 1465 3748 plurimos
1521 3682 1843 3733 senatorum
1895 3679 2226 3748 proscripsit
2281 3683 2338 3734 et
2384 3682 2455 3734 ad
2508 3684 2746 3735 mortem

450 3758 658 3827 coegit3
706 3758 917 3828 uiginti
964 3759 1074 3812 sibi
1120 3759 1389 3828 patricios
1435 3759 1587 3812 uiros
1635 3759 1857 3813 consilii
1905 3775 2075 3812 causa
2120 3760 2361 3829 legerat:
2411 3762 2609 3815 horum
2648 3763 2746 3816 uix

451 3838 589 3891 duos
627 3838 936 3893 incolumes
972 3839 1219 3908 reliquit,
1260 3843 1471 3893 ceteros
1510 3839 1747 3893 diuersis
1786 3839 1969 3892 causis
2007 3841 2247 3893 necauit.

593 4056 626 4104 8
663 4051 879 4120 plebeis
911 4053 978 4120 G,
1016 4053 1171 4122 plebi
1199 4057 1317 4106 ΠΧ
1347 4053 1435 4121 (cf.
1467 4056 1790 4122 p.150,21)
1954 4059 1984 4107 9
2021 4053 2251 4123 publica
2283 4055 2334 4109 G
2508 4061 2575 4107 14
2614 4071 2742 4109 con-

451 4131 758 4185 citarentur
794 4134 913 4201 (om.
944 4133 992 4187 ti
1027 4134 1221 4202 prode)
1247 4135 1298 4189 G
1478 4133 1783 4187 conuiciati
1820 4135 2054 4205 Bentley
2233 4136 2600 4204 perderentur
2638 4152 2671 4194 ς

449 4212 682 4283 ingestis
717 4213 949 4282 Bentley
1131 4219 1195 4266 15
1234 4213 1422 4267 hostes
1456 4213 1617 4267 GXY
1796 4220 1860 4266 17
1901 4232 2029 4268 cum
2065 4215 2140 4286 ei]
2180 4216 2271 4269 cui
2304 4216 2355 4270 G
2539 4221 2607 4268 20
2646 4232 2743 4269 cu-

447 4292 567 4347 lina
594 4293 645 4347 G
831 4292 1104 4361 reliquiae
1153 4293 1438 4362 dispersae
1478 4293 1716 4348 Gronov.
1900 4301 1968 4348 24
2006 4295 2256 4349 omnium
2303 4297 2365 4349 in
2405 4298 2481 4350 M
2510 4314 2579 4350 ss,
2617 4314 2686 4350 m.
2710 4302 2741 4350 1

447 4373 536 4427 uel
570 4391 638 4427 m.
659 4377 713 4439 2,
753 4389 851 4427 om.
896 4373 1122 4427 Orosius
1159 4374 1344 4443 (Roth)
1551 4374 1719 4444 anne]
1777 4374 1898 4429 siue
1938 4375 2013 4442 G,
2071 4378 2171 4429 aut
2210 4377 2322 4430 TN
2522 4381 2589 4428 25
2628 4375 2743 4429 alia

446 4471 614 4522 usque
653 4451 811 4506 clade
850 4469 948 4507 om.
980 4453 1032 4506 V
1172 4459 1238 4507 26
1278 4470 1495 4508 summa
1525 4456 1601 4508 M
1741 4460 1808 4506 27
1847 4455 2289 4510 beniuolentiam
2330 4457 2432 4511 VR
2571 4472 2743 4524 quam

446 4535 532 4604 ut]
572 4533 670 4602 qui
708 4535 896 4586 autem
926 4533 978 4586 V
