3325 5209
1063 391 1243 446 DIVV
1246 391 1281 445 S
1319 389 1701 445 AVGVSTVS
1742 401 1871 451 [cn.
1902 402 2078 450 θεῖ-το]
2635 389 2721 453 93

425 557 606 639 quasi
661 554 1041 640 pudicitiam
1100 555 1445 619 delibatam
1502 577 1538 617 a
1597 552 1865 619 Caesare
1909 552 2081 617 Aulo
2139 553 2331 617 etiam
2379 552 2597 616 Hirtio
2655 553 2723 615 in

421 661 739 746 Hispania
798 662 1100 727 trecentis
1161 661 1423 726 milibus
1482 683 1819 724 nummum
1883 660 2307 723 substrauerit
2368 660 2721 743 solitusque

426 771 509 832 sit
558 791 741 832 crura
797 770 1101 833 suburere
1155 790 1317 834 nuce
1372 767 1650 852 ardenti,
1710 788 1838 850 quo
1896 768 2150 830 mollior
2197 766 2368 849 pilus
2417 770 2720 851 surgeret.

425 877 534 940 sed
581 879 646 940 et
691 876 970 960 populus
1021 874 1342 958 quondam
1390 875 1729 940 uniuersus
1775 874 2076 937 ludorum
2124 873 2225 936 die
2263 877 2325 935 et
2364 873 2610 956 accepit
2656 874 2724 935 in

370 1007 397 1047 5
425 983 882 1047 contumeliam
949 983 1084 1045 eius
1150 985 1213 1044 et
1287 981 1557 1045 adsensu
1624 981 1908 1044 maximo
1976 978 2401 1064 conprobauit
2465 1000 2769 1042 uersum-

423 1090 611 1172 <com.
651 1090 768 1153 inc.
805 1092 925 1170 f'r9.
954 1110 1021 1170 p.
1053 1090 1222 1171 143>
1259 1090 1326 1151 in
1374 1110 1603 1153 scaena
1638 1087 2131 1172 pronuntiatum
2172 1086 2248 1151 de
2285 1086 2458 1170 gallo
2496 1084 2721 1148 Matris
2824 1149 2828 1154 ,

426 1197 614 1261 deum
661 1197 1163 1279 tympanizante:

558 1303 899 1384 uidesne,
946 1306 1028 1366 ut
1077 1302 1523 1386 cin<a>edus
1573 1302 1830 1366 orbem
1878 1301 2128 1387 digito
2177 1298 2598 1383 temperat?

427 1409 738 1473 adulteria
796 1408 1054 1492 quidem
1113 1408 1467 1472 exercuisse
1522 1431 1602 1472 ne
1658 1408 1850 1472 amici
1906 1407 2161 1491 quidem
2218 1410 2484 1491 negant,
2539 1426 2723 1470 excu-
2736 1403 2829 1468 69

348 1542 399 1579 10
428 1520 641 1579 santes
698 1537 848 1579 sane
893 1536 1027 1578 non
1071 1515 1367 1600 libidine,
1423 1516 1535 1578 sed
1580 1515 1828 1579 ratione
1875 1515 2243 1596 commissa,
2295 1535 2423 1596 quo
2468 1512 2723 1577 facilius

398 1605 696 1687 'consilia
741 1622 1246 1686 aduersariorum
1307 1644 1423 1704 per
1469 1622 1788 1705 cuiusque?
1836 1623 2131 1684 mulieres
2180 1622 2558 1703 exquireret.
2640 1619 2725 1683 M.

427 1729 752 1802 Antonius
809 1752 1001 1813 super
1058 1729 1390 1793 festinatas
1446 1728 1672 1794 Liuiae
1716 1729 1973 1812 nuptias
2024 1728 2261 1793 obiecit
2312 1731 2377 1791 et
2422 1728 2724 1791 feminam

430 1835 827 1901 consularem
894 1859 928 1900 e
985 1836 1267 1900 triclinio
1333 1836 1457 1898 uiri
1526 1857 1742 1900 coram
1807 1835 1874 1897 in
1938 1834 2303 1897 cubiculum
2369 1833 2726 1915 abductam,

427 1964 648 2007 rursus
696 1943 764 2005 in
810 1943 1183 2008 conuiuium
1231 1942 1611 2006 rubentibus
1669 1941 1973 2007 auriculis
2021 1940 2446 2024 incomptiore
2493 1939 2725 2021 capillo

350 2073 400 2113 1⁵
428 2050 784 2133 reductam3
850 2050 1179 2113 dimissam
1238 2048 1670 2133 Scriboniam,
1736 2049 1886 2132 quia
1949 2048 2213 2111 liberius
2269 2046 2580 2110 doluisset
2633 2048 2726 2108 ni-

428 2156 619 2220 miam
685 2158 1042 2239 potentiam
1102 2156 1395 2241 paelicis3
1457 2156 1863 2220 condiciones
1926 2154 2246 2237 quaesitas
2301 2175 2415 2237 per
2469 2154 2729 2243 amicos,
2772 2157 2778 2162 ”

431 2263 535 2346 qui
589 2268 825 2327 matres
871 2263 1151 2327 familias
1199 2268 1264 2327 et
1309 2264 1560 2327 adultas
1610 2265 1817 2326 aetate
1865 2261 2151 2346 uirgines
2199 2259 2591 2325 denudarent
2638 2263 2726 2322 at-

431 2392 552 2453 que
598 2351 1058 2454 perspicerent,
1110 2375 1447 2454 tamquam
1486 2369 1762 2433 Toranio
1813 2389 2128 2452 mangone
2174 2366 2506 2431 uendente.
2581 2367 2729 2430 scri·
2766 2377 2797 2423 2

428 2475 527 2540 bit
591 2476 786 2540 etiam
841 2478 920 2540 ad
979 2479 1190 2560 ipsum
1252 2478 1411 2542 haec
1478 2476 1881 2540 familiariter
1942 2474 2149 2539 adhuc
2207 2472 2479 2538 necdum
2540 2473 2728 2556 plane

353 2608 404 2646 20
433 2583 732 2647 inimicus
798 2587 910 2647 aut
972 2584 1210 2648 hostis:
1277 2583 1459 2667 quid
1522 2588 1595 2646 te
1655 2582 2042 2647 mutauit?
2124 2580 2324 2663 quod
2386 2580 2728 2664 reginam

432 2690 646 2753 ineo?
694 2712 883 2754 uxor
930 2714 1088 2754 mea
1136 2695 1265 2754 est.
1348 2711 1545 2753 nunc
1593 2690 1816 2773 coepi
1863 2713 1954 2752 an
2002 2688 2279 2752 abhinc
2325 2708 2561 2751 annos
2601 2706 2729 2748 no-

434 2797 642 2859 uem?
688 2801 767 2861 tu
815 2797 1087 2861 deinde
1136 2796 1371 2860 solam
1412 2795 1833 2859 Drusillam
1881 2794 2078 2858 inis?
2126 2794 2237 2857 ita
2283 2796 2569 2875 ualeaS,
2616 2793 2731 2854 uti

435 2906 542 2985 tn,
588 2904 781 2969 hanc
831 2903 1244 2988 epistulam
1294 2923 1456 2965 cum
1504 2900 1742 2983 legeS,
1788 2921 1936 2966 non
1986 2901 2259 2963 inieris
2306 2899 2730 2963 Tertullam

435 3014 562 3073 aut
599 3010 1104 3074 Terentillam
1145 3011 1273 3070 aut
1314 3005 1683 3070 Rufillam
1737 3009 1865 3068 aut
1904 3003 2243 3069 Saluiam
2275 3005 2730 3068 Titiseniam

355 3140 404 3180 25
435 3120 566 3180 aut
612 3138 887 3180 omnes
973 3137 1064 3178 an
1110 3113 1379 3194 refert,
1425 3111 1556 3174 ubi
1603 3116 1676 3175 et
1722 3112 1800 3176 in
1846 3133 1991 3196 qua
2037 3110 2374 3195 arrigas‘?

615 3222 786 3286 Cena
844 3242 1098 3304 quoque
1154 3218 1292 3283 eius
1350 3219 1655 3282 secretior
1711 3218 1776 3284 in
1833 3217 2069 3284 fabulis
2127 3216 2276 3297 fuit,
2325 3218 2486 3298 qu'ae
2532 3215 2730 3297 uulgo
2753 3209 2841 3274 70

438 3329 857 3402 δωδεκάθεος
931 3326 1306 3410 uocabatur3
1382 3327 1450 3388 ‘rn
1514 3347 1640 3409 qua
1715 3325 1979 3390 deorum
2054 3323 2442 3405 dearumque
2505 3321 2734 3385 habitu

584 3508 647 3554 27
694 3504 848 3570 Epic.
881 3509 940 3568 1,
968 3507 1043 3557 22
1094 3502 1243 3556 inter
1295 3499 1591 3553 duodecim
1644 3499 1946 3553 catamitos
1984 3498 2337 3564 totidemque
2373 3496 2593 3565 puellas
2643 3513 2734 3549 ac-

442 3582 647 3636 cubare
687 3582 886 3637 solitus
924 3586 1063 3637 erat.
2741 3603 2744 3604 ’

585 3724 616 3770 5
657 3717 899 3771 adsensu
937 3721 1075 3788 (asc-
1118 3718 1191 3785 V)
1226 3715 1342 3770 GV
1523 3731 1748 3767 uersum
1769 3746 1834 3753 —
1854 3713 2286 3783 pronuntiatum
2323 3712 2519 3781 Πᾮε,
2570 3727 2737 3764 uersu

443 3801 622 3864 (uerso
665 3800 735 3867 V)
766 3829 833 3837 —-
863 3797 1227 3867 pronuntiato
1265 3797 1453 3864 rema)
1603 3801 1633 3847 6
1662 3794 1720 3847 in
1759 3811 1858 3848 om.
1891 3812 1924 3853 ς
1954 3793 2194 3862 (Modd.)
2341 3797 2373 3845 8
2411 3791 2572 3845 uides
2603 3791 2737 3856 HG,

441 3876 611 3930 uiden
638 3880 790 3932 Torr.
941 3884 1005 3930 12
1037 3877 1216 3931 obicit
1243 3877 1475 3945 Bentley
1622 3880 1688 3930 13
1716 3874 1839 3932 uiro
1871 3892 1904 3933 ς
1935 3875 2286 3944 (Beroaldus)
2433 3872 2738 3925 adductam

442 3975 661 4010 rursum
711 3961 763 4013 V
900 3964 965 4011 15
1014 3960 1072 4011 et
1119 3961 1247 4011 ante
1286 3954 1576 4018 dimissam
1623 3955 1751 4009 add.
1799 3956 1847 4007 Y
1990 3960 2054 4007 16
2103 3957 2161 4008 et
2207 3961 2333 4008 ante
2379 3951 2737 4005 condiciones

443 4038 570 4091 add.
619 4042 666 4090 Τ
808 4044 869 4090 17
925 4038 1023 4105 qui
1075 4054 1176 4091 om.
1233 4037 1277 4088 V
1415 4038 1655 4089 matrem
1704 4037 1756 4089 V
1893 4034 2093 4090 adulta
2144 4034 2375 4104 Bentley
2519 4034 2579 4085 et
2614 4048 2739 4099 pro-

445 4117 714 4186 spicirent
755 4119 805 4172 G
1024 4123 1089 4171 18
1137 4115 1399 4169 thoranio
1447 4118 1601 4184 (-ano
1652 4117 1714 4180 V,
1770 4114 1911 4169 -inio
1945 4115 2016 4190 G>
2050 4116 2123 4170 M
2133 4115 2184 4168 G
2197 4114 2326 4178 VT,
2381 4114 2451 4178 cf.
2490 4115 2636 4182 Auy.
2666 4116 2740 4165 27

446 4204 510 4251 19
550 4198 691 4252 haec
729 4200 803 4251 ad
845 4199 1031 4267 ipsum
1073 4199 1124 4252 G
1270 4201 1337 4249 20
1374 4195 1571 4265 regina
1610 4196 1777 4250 PST
1915 4201 1982 4252 21
2023 4194 2175 4268 ineo]
2213 4211 2340 4250 mea
2375 4198 2433 4249 X
2462 4196 2609 4263 (mea
2641 4210 2741 4260 po-

443 4279 555 4334 tius
601 4297 766 4348 quam
810 4278 941 4331 inea
978 4280 1059 4344 L,
1115 4277 1243 4330 ineo
1290 4284 1554 4331 corrector
1599 4279 1801 4346 recens)
1960 4281 2027 4336 22
2076 4275 2181 4345 uti]
2235 4277 2298 4334 ut
2337 4277 2396 4327 X
2533 4280 2601 4326 24
2645 4272 2741 4327 titi

446 4358 604 4414 senia
645 4361 717 4425 R,
754 4358 1102 4412 titisceniam
1140 4359 1202 4410 H
1412 4363 1478 4410 25
1517 4357 1616 4427 an]
1656 4373 1730 4410 an
1766 4359 1824 4414 te
1866 4356 1981 4426 ΘΕ
2026 4362 2076 4411 et
2111 4357 2192 4411 sic
2223 4372 2326 4425 pro
2363 4373 2419 4408 u.
2461 4357 2493 4408 l.
2532 4371 2601 4408 ss,
2644 4353 2742 4418 11²,

443 4456 589 4495 anne
618 4440 702 4493 Π1
827 4439 928 4493 ubi
966 4455 1068 4494 om.
1102 4438 1151 4492 G
1280 4454 1449 4505 quam
1478 4454 1510 4496 ς
1621 4442 1686 4488 27
1728 4435 2088 4499 &manmena
2113 4453 2214 4496 om.
2251 4437 2320 4501 G,
2360 4434 2743 4487 duodenorum

446 4520 678 4574 deorum
714 4537 783 4576 ss.
822 4521 886 4573 in
935 4521 996 4585 V,
1046 4518 1385 4571 dodecateos
1423 4519 1486 4571 in
1523 4517 1566 4571 S
1597 4535 1667 4570 m.
1696 4520 1735 4570 2
