3325 5209
1304 408 1503 463 NERO
1544 421 1677 470 [cu.
1708 421 1883 471 12-16]
2612 411 2745 474 239

442 575 702 656 perator
746 572 1212 655 consalutatus,
1259 572 1475 636 laurea
1521 573 1590 635 in
1637 571 2028 657 Capitolium
2078 572 2228 654 lata,
2274 570 2499 636 Ianum
2547 560 2746 658 gemi-

445 701 600 742 num
647 678 895 760 clausit,
943 682 1271 760 tamquam
1318 679 1499 743 nullo
1547 680 1805 745 residuo
1852 680 2043 744 bello.

625 783 1012 849 Consulatus
1061 788 1368 867 quattuor
1414 788 1642 871 gessit:
1698 788 1978 870 primum
2029 786 2475 870 bimenstrem,
2527 783 2858 850 secun-1⁴1-

443 893 597 956 dum
646 895 710 956 et
753 891 1180 956 nouissimum
1228 898 1628 975 semenstreS,
1675 895 1938 957 tertium
1978 893 2571 978 quadrimenstrem3
2618 915 2745 957 me-

390 1023 413 1062 5
444 998 584 1063 dios
648 999 806 1062 duos
869 998 1301 1082 continuauit,
1359 999 1644 1082 reliquos
1693 1001 1860 1064 inter
1920 1023 2132 1064 annua
2188 1001 2396 1084 spatia
2451 1000 2743 1063 uariauit.

444 1106 511 1169 in
558 1106 718 1170 iuris
765 1105 1046 1169 dictione
1093 1105 1601 1189 postulatoribus
1648 1107 1774 1170 nisi
1824 1108 2118 1190 sequenti
2165 1107 2267 1170 die
2305 1127 2378 1170 ac
2414 1128 2529 1190 per
2564 1105 2744 1170 libel·
2763 1106 2854 1172 15

436 1214 542 1276 los
602 1234 734 1276 non
791 1217 1031 1276 temere
1086 1212 1435 1295 respondit.
1525 1214 1956 1297 cognoscendi
2013 1235 2261 1278 morem
2318 1235 2463 1277 eum
2519 1215 2747 1297 tenuit,

443 1323 516 1383 ut
563 1319 884 1382 continuis
932 1319 1293 1383 actionibus
1341 1320 1597 1383 omissis
1645 1320 2028 1404 singillatim
2069 1341 2359 1403 quaeque
2406 1343 2521 1404 per
2567 1321 2740 1384 uices

443 1429 677 1510 ageret.
762 1425 1061 1508 quotiens
1109 1430 1324 1489 autem
1371 1426 1450 1489 ad
1497 1428 1988 1491 consultandum
2041 1427 2375 1509 secederet,
2421 1449 2628 1510 neque
2674 1428 2743 1490 in

365 1558 414 1595 ιο
437 1553 783 1596 eommune
831 1532 1174 1614 quicquam
1219 1553 1428 1614 neque
1473 1533 1811 1616 propalam
1860 1533 2279 1618 deliberabat,
2327 1534 2435 1598 sed
2485 1538 2548 1598 et
2596 1554 2745 1598 con-

439 1640 716 1723 scriptas
772 1638 852 1702 ab
908 1659 1038 1701 uno
1096 1659 1352 1720 quoque
1400 1639 1749 1703 sententias
1809 1642 2042 1705 tacitus
2093 1661 2167 1704 ac
2214 1644 2459 1704 secreto
2506 1641 2749 1725 legent-3,

444 1745 618 1827 quod
682 1745 806 1828 ipsi
866 1744 1164 1807 libuisset
1226 1745 1491 1827 perinde
1558 1749 1750 1827 atque
1814 1746 2110 1829 pluribus
2188 1747 2354 1810 idem
2422 1747 2748 1810 uideretur

442 1850 922 1935 pronuntiabat.

622 1955 701 2020 In
748 1956 994 2020 curiam
1049 1954 1500 2021 libertinorum
1546 1959 1717 2021 filios
1767 1958 1877 2021 diu
1924 1979 2055 2021 non
2102 1959 2390 2042 admisit3
2448 1959 2744 2022 admissis
2784 1976 2818 2022 2

366 2090 416 2128 15
445 2085 483 2126 a
538 2062 861 2147 prioribus
912 2063 1312 2147 principibus
1377 2058 1655 2128 honores
1723 2064 2080 2149 denegauit.
2177 2065 2550 2128 candidatos
2560 2116 2576 2149 ,
2634 2066 2746 2147 qui

445 2193 639 2254 supra
682 2191 1022 2234 numerum
1071 2174 1301 2254 essent,
1350 2171 1419 2235 in
1466 2171 1775 2235 solacium
1815 2171 2145 2235 dilationis
2186 2193 2258 2234 ac
2294 2192 2512 2234 morae
2549 2172 2746 2256 legio-

442 2278 633 2340 nibus
693 2276 1086 2361 praeposuit.
1189 2278 1594 2341 consulatum
1662 2278 1732 2341 in
1799 2299 1987 2341 senos
2051 2278 2432 2361 plerumque
2495 2299 2748 2342 menses

442 2384 635 2448 dedit.
720 2383 1155 2466 defunctoque
1202 2384 1369 2449 circa
1415 2383 1558 2448 Kal.
1606 2383 1739 2447 Ian.
1788 2385 1991 2449 altero
2041 2408 2075 2448 e
2123 2385 2495 2449 consulibus
2549 2386 2746 2448 nemi·

442 2514 590 2555 nem
639 2490 978 2555 substituit
1024 2489 1399 2575 improbans
1447 2492 1815 2574 exemplum
1866 2495 2052 2554 uetus
2092 2488 2320 2554 Canini
2356 2490 2570 2555 Rebili
2615 2511 2746 2553 uno

363 2621 415 2661 so
446 2598 547 2661 die
593 2597 894 2661 consulis.
979 2597 1400 2680 triumphalia
1448 2601 1824 2661 ornamenta
1862 2598 2057 2661 etiam
2096 2597 2496 2680 quaestoriae
2542 2596 2746 2682 digni-

442 2705 596 2768 tatis
659 2707 724 2766 et
781 2704 1113 2767 nonnullis
1173 2726 1251 2766 ex
1312 2704 1595 2786 equestri
1657 2705 1879 2769 ordine
1940 2703 2170 2768 tribuit
2224 2725 2342 2768 nec
2397 2704 2622 2786 utique
2670 2704 2747 2766 de

444 2832 635 2875 causa
691 2810 976 2874 militari.
1080 2811 1156 2873 de
1213 2810 1595 2893 quibusdam
1663 2811 1856 2875 rebus
1923 2811 2248 2876 orationes
2313 2810 2393 2874 ad
2455 2814 2747 2873 senatum

442 2919 671 2982 missas
728 2917 1082 3000 praeterito
1139 2918 1499 2999 quaestoris
1555 2918 1775 2981 officio
1830 2941 1946 3002 per
1992 2916 2321 2983 consulem
2370 2918 2748 3000 plerumque

442 3024 772 3089 recitabat.
858 3023 1134 3089 formam
1196 3024 1633 3089 aedificiorum
1695 3011 1874 3089 urbis
1934 3046 2170 3088 nouam
2230 3023 2626 3110 excogitauit
2685 3021 2858 3087 et16

363 3153 415 3194 25
446 3136 518 3195 ut
567 3135 714 3195 ante
763 3130 1010 3193 insulas
1059 3152 1131 3194 ac
1179 3131 1403 3197 domos
1451 3131 1741 3216 porticus
1781 3135 2009 3215 essent,
2056 3133 2133 3195 de
2174 3153 2446 3214 quarum
2493 3129 2746 3193 solariis

444 3237 735 3301 incendia
780 3241 1178 3322 arcerentur3
1232 3260 1463 3321 easque
1522 3243 1787 3322 sumptu
1845 3261 1960 3303 suo
2017 3239 2313 3305 extruxit.
2399 3237 2748 3300 destinarat

588 3418 656 3466 24
693 3413 763 3480 cf.
806 3413 990 3467 Victor
1021 3414 1170 3469 Caes.
1203 3418 1310 3478 5‚2
1349 3414 1610 3484 augenda
1647 3412 1802 3467 urbe.

590 3581 613 3627 1
649 3573 973 3626 consulatus
1004 3574 1146 3639 ΜΘ,
1186 3573 1535 3628 consultatus
1564 3576 1618 3629 L
1747 3581 1777 3627 2
1817 3577 2106 3640 tamquam
2132 3571 2288 3626 nullo
2322 3573 2577 3626 Faernus
2604 3573 2746 3639 Lip-

356 3690 361 3695 -
442 3657 576 3720 siue,
612 3656 732 3707 tam
760 3652 917 3706 nullo
957 3668 1125 3721 quam
1164 3656 1242 3720 Ω,
1294 3653 1409 3707 iam
1446 3654 1601 3707 nullo
1644 3655 1809 3722 quasi
1851 3655 2114 3719 Gronov„
2165 3653 2279 3705 iam
2315 3654 2455 3720 (tum
2484 3668 2591 3719 pro
2628 3654 2747 3704 tam

443 3735 696 3801 Iuncker)
745 3732 902 3787 nullo
953 3750 1192 3802 usquam
1238 3736 1472 3803 Bentley
1690 3741 1721 3787 3
1770 3734 2095 3788 bimestrum
2140 3735 2235 3797 Μ,
2284 3733 2605 3786 bimestrem
2648 3732 2753 3801 ΩΤ

445 3822 476 3868 5
515 3814 809 3867 interiecto
840 3828 1026 3865 annuo
1065 3814 1252 3883 spatio
1293 3815 1552 3868 Veldhuis
1696 3820 1727 3867 6
1756 3813 2138 3883 postularibus
2170 3814 2291 3879 GP,
2325 3811 2748 3880 postulantibus

444 3895 736 3949 Reinesius
984 3898 1011 3945 7
1052 3893 1111 3946 in
1158 3894 1545 3962 cognoscendo
1591 3894 1656 3946 Τ
1699 3895 1774 3963 (R
1810 3895 1872 3946 in
1917 3911 2107 3964 mary„
2154 3894 2218 3946 in
2264 3897 2414 3946 textu
2457 3893 2616 3945 habet
2654 3907 2745 3943 co-

442 3974 769 4045 gnoscendi)
882 3979 912 4025 9
953 3975 1147 4041 ageret
1181 3972 1246 4025 Τ
1287 3975 1479 4029 dubito
1506 3993 1638 4029 num
1672 3981 1805 4029 reete
1834 3976 2118 4043 (ageretur
2150 3973 2331 4042 Oud.),
2359 3988 2460 4026 om.
2495 3973 2569 4026 Μ
2570 3971 2747 4036 GLP,

443 4054 738 4124 quaereret
765 4060 867 4108 aut
891 4054 1067 4106 simile
1094 4055 1320 4108 uerbum
1348 4055 1623 4109 desiderat
1649 4057 1914 4110 Biicheler
2062 4058 2127 4105 10
2167 4052 2268 4106 sed
2306 4052 2385 4122 et]
2424 4052 2524 4105 sed
2554 4071 2587 4110 ς
2615 4052 2747 4119 (Ur-

441 4138 618 4204 sinus)
656 4134 783 4200 fort.
821 4134 1022 4187 rectius
1210 4140 1273 4187 14
1313 4134 1576 4188 admissis
1616 4151 1649 4186 a
1683 4136 1801 4201 GT,
1840 4133 2089 4188 admissa
2121 4135 2243 4198 Μὸ,
2283 4131 2558 4185 admissos
2588 4135 2645 4183 X
2669 4135 2749 4199 (at

442 4219 505 4270 in
533 4217 585 4270 L
615 4230 751 4268 corr.
787 4229 854 4266 ex
883 4211 1163 4281 admissis)
1318 4220 1382 4267 21
1416 4214 1701 4270 nonnullis
1741 4218 1797 4269 et
1835 4215 2148 4283 transponit
2183 4213 2416 4281 Lipsius
2454 4211 2748 4280 (dignitati

442 4299 500 4349 et
527 4294 762 4363 Bentley
799 4293 1135 4361 dubitanter)
1317 4301 1384 4348 22
1425 4295 1522 4347 sed
1560 4297 1616 4348 et
1644 4301 1773 4363 post
1811 4293 2048 4347 militari
2086 4294 2214 4346 add.
2254 4296 2301 4345 Τ
2336 4291 2609 4360 (militari,
2650 4292 2749 4343 sed

442 4379 500 4430 et
546 4375 615 4428 de
671 4371 1119 4441 quibuscumque
1156 4372 1338 4427 rebus.
1421 4374 1713 4428 Orationes
1752 4376 1982 4445 Bentley
1992 4400 2009 4438 ,-
2062 4373 2132 4425 de
2189 4372 2526 4439 quibusdam
2580 4371 2749 4424 rebus

440 4458 702 4527 ylossema
739 4459 906 4522 putat
948 4453 1014 4507 G.
1038 4453 1284 4520 Becker)-
1443 4460 1510 4506 24
1551 4457 1608 4508 et
1653 4456 1753 4508 del.
1785 4454 2013 4507 Ernesti
2196 4460 2262 4506 25
2302 4469 2538 4521 quarum
2579 4451 2750 4519 Πῼς.

440 4551 675 4602 quorum
713 4533 806 4586 rel.
838 4535 932 4603 (Ω)
1080 4531 1287 4585 solaria
1329 4533 1380 4587 G
