3325 5209
567 402 701 466 234
1238 403 1294 457 C.
1334 404 1648 458 SVETONI
1686 403 2129 468 TRANQVILLI

567 566 852 648 praemia
897 565 966 630 in
1010 570 1340 649 posterum
1389 567 1619 630 sanxit.
1696 566 2050 630 maiestatis
2100 587 2356 648 quoque
2413 570 2477 628 et
2524 565 2866 629 adulterio-

568 695 711 735 rum
767 673 1119 755 incestique
1179 694 1324 736 cum
1382 695 1598 737 sorore
1653 672 1898 757 Lepida
1955 673 2072 736 sub
2133 694 2397 737 excessu
2442 672 2658 736 Tiberi
2702 692 2865 755 rem,

569 780 925 843 mutatione
979 783 1346 862 temporum
1393 781 1600 844 euasit
1655 781 2053 863 decessitque
2099 779 2331 864 Pyrgis
2388 778 2615 843 morbo
2664 800 2866 862 aquae

569 886 922 968 intercutiS‚
961 884 1213 949 sublato
1254 886 1390 950 filio
1427 885 1685 950 Nerone
1713 909 1792 951 ex
1820 887 2184 971 Agrippina
2214 884 2589 950 Germanico
2630 884 2863 970 genita.

493 990 542 1054 6
749 991 922 1055 Nero
969 996 1160 1055 natus
1208 997 1304 1056 est
1350 990 1509 1056 Anti
1555 998 1706 1077 post
1743 991 1952 1057 VIIII.
1999 1015 2284 1057 mensem
2332 1015 2525 1076 quam
2570 991 2864 1055 Tiberius
2922 1016 2947 1055 ε

568 1101 857 1181 excessit,
902 1096 1141 1162 XVIII.
1189 1099 1334 1162 Kal.
1378 1097 1510 1163 Ian.
1559 1104 1814 1164 tantum
1863 1100 2036 1183 quod
2082 1100 2409 1164 exoriente
2457 1100 2617 1180 sole,
2664 1120 2865 1182 paene

567 1209 640 1268 ut
694 1207 892 1270 radiis
948 1207 1126 1289 prius
1185 1228 1374 1290 quam
1435 1211 1604 1270 terra
1660 1208 2157 1291 contingeretur.
2242 1206 2319 1269 de
2376 1207 2672 1290 genitura
2727 1206 2862 1268 eius

568 1313 785 1376 statim
842 1315 1047 1376 multa
1101 1317 1166 1376 et
1229 1313 1653 1377 formidulosa
1716 1314 1940 1378 multis
2007 1312 2472 1378 coiectantibus
2527 1313 2861 1396 praesagio

565 1420 692 1483 fuit
738 1421 933 1482 etiam
969 1418 1304 1503 Domiti[i]
1352 1422 1556 1503 patris
1606 1442 1755 1503 uox,
1802 1421 1968 1484 inter
2007 1420 2469 1504 gratulationes
2507 1420 2858 1483 amicorum

564 1528 920 1610 negantis
956 1528 1360 1609 quicquam
1398 1550 1484 1590 ex
1524 1548 1600 1590 se
1638 1532 1713 1591 et
1740 1524 2176 1612 Agrippina
2210 1526 2361 1589 nisi
2401 1524 2861 1589 detestabile
2893 1549 2946 1588 ιο

491 1647 526 1693 2
565 1636 638 1695 et
685 1631 880 1696 malo
920 1632 1234 1715 publico
1281 1635 1490 1697 nasci
1530 1635 1897 1716 potuisse.
1942 1616 2264 1697 'eiusdem
2305 1634 2559 1697 futurae
2597 1632 2861 1696 infelici-

565 1741 717 1803 tatis
757 1741 1013 1824 signum
1050 1739 1312 1803 euidens
1341 1740 1442 1802 die
1474 1741 1740 1804 lustrico
1771 1741 2011 1824 extitit3
2039 1763 2190 1804 nam
2222 1739 2286 1803 C.
2321 1739 2566 1822 Caesar,
2594 1743 2862 1823 rogante

566 1868 783 1910 sorore
830 1850 903 1909 ut
949 1846 1181 1909 infanti
1228 1847 1401 1929 quod
1445 1849 1642 1911 uellet
1685 1870 1923 1911 nomen
1971 1848 2175 1932 daret,
2223 1849 2478 1911 intuens
2525 1846 2861 1910 Claudium

565 1957 866 2037 patruum
904 1975 1109 2037 suum,
1155 1975 1193 2016 a
1240 1975 1366 2036 quo
1407 1975 1557 2017 mox
1595 1955 1886 2038 principe
1923 1954 2098 2018 Nero
2147 1953 2490 2037 adoptatus
2538 1957 2652 2036 est,
2698 1953 2860 2016 eius

566 2083 639 2123 se
687 2060 850 2123 dixit
896 2060 1103 2143 dare,
1148 2083 1355 2144 neque
1404 2061 1542 2144 ipse
1581 2063 1746 2125 serio
1796 2060 1905 2125 sed
1950 2084 2065 2144 per
2111 2063 2324 2125 iocum
2372 2064 2436 2124 et
2482 2064 2862 2143 aspernante
2892 2080 2943 2120 ιε

566 2166 945 2250 Agrippina,
994 2167 1165 2249 quod
1214 2171 1351 2230 tum
1393 2165 1695 2231 Claudius
1745 2168 1912 2232 inter
1955 2168 2232 2233 ludibria
2279 2168 2461 2231 aulae
2508 2170 2659 2230 erat.

491 2286 525 2332 3
743 2273 1067 2336 Trimulus
1113 2279 1363 2356 patrem
1409 2276 1649 2359 amisit3
1708 2276 1889 2339 cuius
1936 2298 2015 2338 ex
2061 2280 2243 2359 parte
2290 2276 2479 2338 tertia
2525 2275 2736 2356 hereS‚
2780 2295 2862 2335 ne

565 2382 729 2444 hanc
777 2380 1035 2463 quidem
1091 2382 1406 2465 integram
1463 2383 1633 2464 cepit
1691 2384 1999 2465 correptis
2046 2406 2162 2466 per
2207 2381 2583 2464 coheredem
2632 2379 2861 2445 Gaium

564 2487 884 2549 uniuersis
929 2487 1135 2550 bonis.
1221 2492 1284 2550 et
1332 2488 1602 2551 subinde
1640 2493 1844 2552 matre
1881 2491 2076 2553 etiam
2114 2491 2397 2573 relegata
2433 2511 2635 2571 paene
2674 2488 2859 2571 inops

564 2597 755 2675 atque
811 2612 1004 2677 egens
1062 2594 1234 2676 apud
1290 2595 1555 2657 amitam
1600 2595 1912 2678 Lepidam
1969 2598 2250 2660 nutritus
2299 2600 2395 2659 est
2443 2596 2559 2658 sub
2609 2593 2859 2658 duobus
2889 2615 2941 2652 ευ

565 2700 953 2784 paedagogis
1001 2700 1306 2764 saltatore
1349 2705 1541 2784 atque
1587 2705 1863 2767 tonsore.
1946 2726 2172 2766 uerum
2212 2702 2479 2767 Claudio
2519 2701 2858 2783 imperium

564 2806 794 2888 adepto
853 2828 988 2869 non
1047 2806 1256 2870 solum
1316 2811 1615 2891 paternas
1679 2831 1833 2892 opes
1894 2811 2302 2893 reciperauit,
2364 2809 2473 2872 sed
2529 2812 2593 2871 et
2650 2806 2858 2890 Crispi
2920 2824 2925 2829 ’

488 2926 525 2971 4
562 2911 852 2976 Passieni
907 2914 1124 2978 uitrici
1181 2915 1280 2977 sui
1336 2916 1687 2979 hereditate
1743 2917 1982 2980 ditatus
2039 2922 2151 2981 est.
2237 2917 2443 3001 gratia
2491 2914 2749 2998 quidem
2794 2918 2859 2977 et

562 3020 854 3103 potentia
908 3025 1244 3085 reuocatae
1297 3024 1760 3106 restitutaeque
1816 3024 2038 3087 matris
2096 3046 2298 3106 usque
2354 3045 2429 3087 eo
2488 3022 2732 3104 floruit,
2785 3024 2859 3083 ut

562 3132 887 3190 emanaret
942 3129 1010 3191 in
1054 3130 1290 3214 uulgus
1348 3131 1577 3193 missos
1625 3153 1663 3193 a
1716 3129 2062 3194 Messalina
2107 3153 2305 3194 uxore
2354 3127 2690 3212 Claudi[i],
2747 3129 2859 3211 qui
2886 3148 2938 3185 25

561 3257 708 3297 eum
763 3235 1235 3318 meridiantem‚
1299 3238 1482 3318 quasi
1537 3237 1896 3301 Britannici
1951 3240 2301 3320 aemulum,
2366 3237 2856 3320 strangularent.

561 3342 851 3405 additum
897 3341 1152 3405 fabulae
1197 3343 1315 3405 'rad
1360 3344 1616 3406 eosdem
1664 3345 1936 3408 dracone
1984 3367 2017 3408 e
2063 3345 2330 3427 puluino
2384 3365 2449 3407 se
2494 3343 2856 3426 proferente

707 3531 736 3577 3
777 3526 1054 3579 Einhard.
1087 3529 1121 3577 3
1158 3526 1351 3579 morbo
1392 3543 1570 3593 aquae
1608 3527 1903 3581 intercutis
1942 3529 2093 3581 diem
2130 3528 2287 3581 obiit.
2481 3534 2513 3580 4
2554 3528 2708 3595 Epit.
2740 3531 2793 3591 5,
2823 3531 2853 3578 1

560 3607 721 3673 patre
758 3604 1007 3658 Domitio
1045 3605 1378 3658 Aenobarbo
1426 3607 1677 3674 genituS,
1720 3611 1900 3661 matre
1938 3609 2267 3678 Agrippina.
2452 3613 2483 3660 5
2522 3610 2590 3674 cf.
2626 3607 2854 3675 Capitol.

575 3687 744 3740 Verus
772 3691 823 3749 1,
853 3691 889 3738 8
927 3688 1094 3739 natus
1132 3687 1218 3739 est
1257 3729 1267 3738 .
1303 3730 1312 3739 .
1346 3729 1356 3738 .
1397 3686 1576 3740 XVIII
1612 3687 1701 3741 Kl.
1739 3688 2128 3742 Ianuariarum
2165 3688 2273 3753 die,
2312 3704 2423 3755 quo
2461 3688 2519 3739 et
2556 3686 2720 3740 Nero.

709 3864 734 3909 1
777 3856 986 3926 sanxit]
1026 3856 1171 3908 dixit
1200 3859 1443 3926 Lipsiae,
1485 3857 1663 3909 suasit
1698 3858 1873 3911 Pozak
2073 3864 2102 3908 5
2143 3855 2278 3909 Anti
2310 3857 2455 3909 Roth
2494 3856 2670 3925 (Antii
2719 3856 2855 3909 Tur-

559 3939 732 3992 nebus
759 3945 809 3990 et
843 3938 921 3991 sic
959 3954 1129 3990 manu
1158 3954 1258 3991 rec.
1289 3938 1628 4006 adscriptum
1655 3939 1719 3990 in
1748 3940 1845 4007 P),
1885 3940 2017 3991 ante
2037 3940 2089 3989 ,Ω
2207 3939 2336 4005 post
2365 3954 2464 3990 om.
2495 3940 2542 3989 ‘I‘
2648 3953 2854 3989 nonum

565 4019 742 4084 GRT,
782 4034 984 4070 nouem
1014 4020 1082 4086 (et
1111 4025 1225 4072 tum
1252 4020 1490 4085 menses)
1521 4019 1582 4069 H
1589 4034 1621 4075 ς
1659 4019 1852 4087 (uuly.)
1963 4023 1995 4071 8
2032 4016 2396 4070 formidolosa
2416 4018 2485 4081 Ω,
2524 4017 2593 4082 cf.
2617 4018 2761 4086 Auy.
2785 4021 2852 4070 91

563 4106 627 4153 11
670 4099 961 4152 felicitatis
996 4105 1121 4166 post
1166 4098 1427 4152 Ursinum
1463 4099 1624 4151 ”vulti
1736 4104 1801 4150 14
1840 4099 2065 4164 patrum
2096 4099 2182 4162 M,
2220 4099 2439 4165 patrem
2472 4096 2518 4165 Q
2639 4102 2703 4149 17
2741 4097 2854 4149 tre-

559 4179 745 4232 mulus
782 4183 840 4245 Τ,
879 4195 1014 4232 corr.
1047 4178 1130 4231 Π52
1275 4184 1339 4232 21
1379 4194 1514 4231 uero
1554 4177 1779 4230 claudio
1814 4179 1897 4243 M,
1937 4175 2160 4230 claudio
2197 4192 2330 4229 uero
2365 4176 2454 4230 G&
2598 4181 2666 4230 25
2706 4191 2852 4228 ema-

560 4259 713 4310 narit
740 4259 971 4327 LipSius
1123 4257 1460 4321 messalania
1499 4259 1615 4327 (sic)
1647 4259 1723 4311 M
1869 4273 2041 4310 uxore
2080 4255 2303 4310 Claudii
2338 4263 2586 4323 suspecta
2624 4255 2855 4309 Polakio

562 4379 630 4427 26
668 4352 978 4428 britanidae
1017 4374 1258 4427 multum
1280 4377 1353 4429 M
1378 4373 1419 4443 (i
1446 4391 1515 4429 ss.
1546 4392 1614 4427 m.
1635 4377 1693 4442 2)
1841 4378 1906 4425 27
1948 4373 2022 4425 ad
2052 4373 2246 4439 MLP,
2284 4374 2345 4425 at
2377 4372 2427 4425 G
2456 4372 2661 4441 (Roth),
2702 4347 2853 4437 etr,

561 4471 660 4506 om.
699 4454 843 4507 OST
874 4460 1027 4522 (recte
1058 4457 1243 4523 puto),
1290 4457 1375 4508 est
1415 4472 1552 4522 pars
1598 4452 1716 4507 edd.
1750 4460 1875 4521 post
1913 4452 2096 4522 Luyd.
2127 4470 2178 4505 a.
2211 4456 2352 4506 1544
2391 4450 2612 4519 (addita
2658 4450 2854 4505 fabula

561 4535 648 4584 est
669 4534 948 4600 Lipsius);
989 4536 1048 4586 at
1069 4537 1195 4588 bene
1222 4551 1277 4588 se
1303 4535 1460 4588 habet
1490 4535 1657 4588 deleto
1688 4533 1946 4586 additum
1973 4531 2202 4585 fabulae
2231 4533 2320 4600 (ef.
2342 4532 2531 4586 Herm.
2554 4536 2626 4585 40
2643 4549 2703 4600 p.
2724 4535 2854 4595 186)
