3325 5209
472 1592 560 1658 57

570 363 696 427 196
1271 360 1327 415 C.
1368 360 1684 415 SVETONI
1724 360 2168 426 TRANQVILLI

564 547 863 610 magnam
888 524 1042 590 fecit
1061 524 1372 588 inuidiam
1394 525 1696 589 destricto
1717 524 1933 610 gladio
1964 524 2293 588 affirmans
2315 547 2397 607 sp
2411 528 2588 588 onte
2609 546 2637 587 s
2650 546 2684 587 e
2707 546 2795 607 pe
2808 546 2873 587 r-

568 635 882 715 iturum,
930 634 994 696 si
1043 636 1117 696 et
1152 631 1320 695 illis
1357 635 1601 695 morte
1643 631 1920 717 dignus
1968 631 2392 714 uideretur,
2437 651 2556 695 nec
2598 630 2874 695 cessauit

569 763 648 803 ex
676 760 750 803 eo
780 738 1106 802 criminari
1136 737 1408 802 alterum
1439 738 1624 802 alteri
1664 742 1857 822 atque
1894 739 2063 802 inter
2101 759 2167 802 se
2206 737 2415 802 omnis
2454 737 2871 803 committere.

750 845 911 909 Cum
967 845 1316 928 placuisset
1369 844 1684 909 Palatinis
1740 844 1910 909 ludis
1958 845 2321 928 spectaculo
2371 865 2699 930 egressum
2749 865 2875 907 me-

570 952 730 1016 ridie
798 951 1090 1038 adgredi,
1146 951 1388 1035 primas
1450 952 1574 1016 sibi
1639 956 1854 1035 partes
1917 950 2174 1015 Cassius
2240 949 2522 1015 Chaerea
2580 951 2876 1015 tribunus
2933 975 2958 1014 5

573 1058 860 1124 cohortis
916 1057 1275 1142 praetoriae
1334 1058 1734 1142 depoposcit,
1793 1079 1980 1140 quem
2032 1056 2228 1122 Gaius
2275 1058 2591 1122 seniorem
2639 1057 2764 1121 iam
2814 1061 2877 1120 et

572 1166 832 1229 mollem
895 1169 959 1228 et
1019 1165 1457 1229 effeminatum
1525 1165 1826 1229 denotare
1892 1164 2067 1229 omni
2127 1165 2366 1248 probro
2423 1167 2761 1228 consuerat
2816 1168 2880 1228 et

573 1272 765 1337 modo
829 1274 1085 1357 signum
1141 1271 1388 1355 petenti
1445 1270 1808 1355 Priapum
1869 1275 1980 1334 aut
2026 1270 2390 1335 Venerem
2452 1270 2628 1354 dare,
2687 1269 2877 1334 modo

581 1402 657 1442 ex
725 1378 942 1462 aliqua
1006 1399 1196 1441 causa
1260 1378 1478 1463 agenti
1543 1377 1786 1463 gratias
1849 1377 2261 1442 osculandam
2326 1399 2588 1441 manum
2653 1377 2880 1441 offerre

575 1486 920 1550 formatam
968 1488 1484 1567 commotamque
1530 1485 1598 1547 in
1646 1483 2034 1549 obscaenum
2080 1483 2360 1548 modum.
2912 1509 2963 1548 10

757 1591 1037 1656 Futurae
1092 1591 1301 1655 caedis
1348 1592 1554 1654 multa
1598 1591 1897 1676 prodigia
1945 1592 2311 1654 extiterunt.
2404 1589 2742 1674 Olympiae
2796 1575 2881 1653 si-

576 1700 936 1763 mulacrum
981 1698 1161 1762 Iouis
1171 1749 1188 1780 ,
1246 1698 1419 1781 quod
1466 1698 1738 1762 dissolui
1793 1698 2256 1781 transferrique
2312 1697 2586 1761 Romam
2632 1697 2882 1782 placue-

579 1809 697 1889 rat,
743 1809 994 1868 tantum
1043 1804 1427 1870 cachinnum
1477 1810 1739 1889 repente
1787 1805 2015 1886 edidit,
2072 1808 2144 1868 ut
2188 1803 2503 1868 machinis
2549 1804 2883 1870 labefactis

581 1911 842 1994 opifices
900 1910 1300 1996 diffugerint3
1364 1912 1866 1995 superuenitque
1923 1911 2071 1976 ilico
2133 1911 2392 1994 quidam
2451 1909 2708 1975 Cassius
2772 1933 2885 1975 no-

580 2019 779 2100 mine,
843 2018 1087 2081 iussum
1154 2039 1221 2081 se
1287 2018 1538 2082 somnio
1614 2018 1942 2082 affirmans
2008 2020 2341 2082 immolare
2404 2023 2660 2082 taurum
2724 2015 2965 2082 Ioui.15

583 2123 974 2207 Capitolium
1006 2122 1261 2208 Capuae
1289 2121 1380 2187 Id.
1412 2125 1686 2208 Mar<t>
1716 2125 1792 2188 de
1831 2124 2005 2189 caelo
2035 2128 2277 2189 tactum
2308 2129 2423 2208 est,
2460 2125 2615 2189 item
2645 2123 2888 2188 Romae

583 2230 741 2294 cella
787 2230 1069 2294 Palatini
1119 2232 1432 2295 atriensis.
1513 2253 1633 2297 nec
1683 2232 2022 2296 defuerunt
2065 2232 2176 2314 qui
2216 2233 2648 2297 coniectarent
2686 2232 2885 2295 altero

583 2341 837 2402 ostento
883 2337 1244 2420 periculum
1300 2361 1338 2403 a
1384 2338 1759 2402 custodibus
1816 2339 2075 2403 domino
2124 2339 2449 2423 portendi,
2505 2339 2706 2403 altero
2755 2359 2889 2402 cae-

584 2445 728 2509 dem
775 2466 995 2508 rursus
1043 2445 1381 2529 insignem,
1430 2445 1638 2527 qualis
1678 2445 1898 2508 eodem
1940 2445 2041 2508 die
2079 2445 2250 2509 facta
2287 2446 2605 2529 quondam
2645 2444 2886 2508 fuisset.
2971 2441 2984 2452 '

587 2552 945 2616 consulenti
1003 2572 1261 2634 quoque
1318 2550 1394 2614 de
1452 2551 1749 2636 genitura
1806 2572 1922 2614 sua
1980 2549 2159 2615 Sulla
2214 2551 2732 2616 mathematicus
2761 2573 2890 2615 cer·
2919 2573 2972 2612 πο

587 2659 903 2722 tissimam
941 2679 1160 2721 necem
1198 2659 1716 2741 appropinquare
1755 2657 2121 2721 affirmauit.
2205 2661 2592 2721 monuerunt
2638 2661 2703 2720 et
2739 2656 2891 2721 For-

586 2770 780 2828 tunae
817 2763 1207 2847 Antiatinae,
1255 2769 1327 2827 ut
1374 2787 1411 2828 a
1457 2762 1678 2828 Cassio
1726 2768 2006 2849 caueret3
2053 2786 2181 2847 qua
2226 2786 2417 2828 causa
2452 2765 2561 2828 ille
2600 2762 2892 2828 Cassium

587 2870 954 2956 Longinum
987 2870 1181 2935 Asiae
1227 2875 1365 2934 tum
1413 2871 1865 2955 proconsulem
1905 2871 2318 2935 occidendum
2359 2870 2764 2956 delegauerat
2803 2872 2893 2936 in-

589 2998 835 3042 memor
901 2975 1246 3041 Chaeream
1320 2975 1609 3043 Cassium
1684 2978 2019 3041 nominari.
2113 2978 2319 3061 pridie
2385 3000 2575 3061 quam
2640 2979 2895 3060 periret,

590 3084 937 3149 somniauit
983 3085 1332 3149 consistere
1379 3107 1444 3148 se
1491 3085 1565 3166 in,
1597 3085 1774 3150 caelo
1814 3084 1995 3148 iuxta
2033 3085 2266 3148 solium
2303 3082 2479 3149 Iouis
2518 3083 2894 3169 impulsum·
2923 3103 2976 3145 ει

592 3214 716 3276 que
755 3192 833 3255 ab
872 3213 947 3256 eo
986 3191 1195 3254 dextri
1231 3191 1413 3275 pedis
1451 3192 1685 3275 pollice
1731 3196 1794 3255 et
1833 3191 1901 3255 in
1928 3195 2131 3255 terras
2177 3192 2687 3275 praecipitatum.
2753 3212 2897 3274 pro-

594 3299 913 3384 digiorum
979 3299 1122 3362 loco
1187 3298 1408 3362 habita
1475 3303 1623 3362 sunt
1689 3298 1911 3381 etiam,
1977 3320 2139 3380 quae
2204 3299 2368 3362 forte
2426 3297 2538 3362 illo
2595 3298 2738 3380 ipso
2796 3297 2898 3361 die

523 3420 556 3465 4
595 3405 787 3490 paulo
836 3405 1015 3488 prius
1055 3404 1432 3469 acciderant.
1508 3404 1870 3468 sacrificans
1917 3425 2243 3488 respersus
2282 3409 2379 3468 est
2415 3404 2900 3488 phoenicopteri

596 3512 933 3596 sanguine3
980 3516 1044 3575 et
1090 3511 1527 3595 pantomimus
1563 3510 1851 3574 Mnester
1887 3510 2281 3596 tragoediam
2320 3511 2517 3593 (bray.
2543 3514 2663 3593 fry.
2694 3512 2901 3593 adesp.

589 3642 653 3702 p.
685 3618 854 3700 838>
902 3618 1179 3696 saltauit,
1229 3640 1421 3700 quam
1460 3617 1614 3680 olim
1652 3616 2117 3701 Neoptolemus
2154 3618 2499 3703 tragoedus
2535 3618 2723 3702 ludis,
2762 3618 2902 3701 qui·
2929 3638 2983 3678 so

597 3726 718 3790 bus
766 3747 877 3789 rex
917 3723 1338 3789 Macedonum
1384 3722 1728 3807 Philippus
1777 3727 2026 3788 occisus
2069 3728 2192 3807 est,
2238 3728 2483 3809 egerat3
2530 3729 2595 3788 et
2642 3747 2788 3790 cum
2834 3726 2901 3788 in

598 3832 912 3896 Laureolo
948 3831 1166 3915 mim0,
1203 3832 1271 3895 in
1310 3852 1436 3914 quo
1476 3830 1760 3915 a[u]ctor
1794 3831 2157 3915 proripiens
2198 3854 2266 3896 se
2300 3832 2487 3895 ruina
2524 3832 2902 3917 sanguinem

745 4013 775 4061 5
815 4009 1174 4072 Auson.259,
1193 4011 1228 4060 4
1266 4005 1504 4075 expetiit
1540 4021 1752 4073 poenas
1790 4005 1861 4059 de
1899 4004 2134 4060 Caesare
2173 4004 2421 4061 Chaerea
2457 4006 2660 4060 mollis.

745 4176 776 4221 2
818 4169 1021 4238 dignos
1049 4175 1101 4223 et
1128 4168 1447 4222 necessauit
1476 4170 1551 4221 M
1655 4174 1689 4219 4
1727 4165 1850 4218 ludi
1871 4170 1927 4218 X
2031 4172 2062 4218 6
2093 4168 2150 4219 et
2178 4183 2277 4220 om.
2302 4167 2378 4234 N,
2407 4169 2472 4220 ut
2491 4169 2609 4222 edd.
2633 4169 2790 4222 Rom.
2814 4185 2903 4236 pr.

606 4256 672 4302 13
703 4249 862 4302 dedit
892 4252 967 4303 M
1084 4254 1149 4302 18
1178 4250 1437 4316 portento
1471 4248 1521 4301 G
1634 4252 1700 4300 19
1732 4247 1930 4301 eadem
1958 4250 2017 4299 X
2127 4245 2221 4299 die
2249 4263 2349 4299 om.
2384 4249 2431 4298 'P
2537 4252 2604 4299 20
2634 4247 2729 4318 de]
2761 4247 2809 4300 si
2838 4250 2909 4315 (et

604 4338 721 4384 tum
761 4327 983 4397 sullam)
1017 4329 1068 4382 G
1214 4333 1278 4380 21
1331 4330 1387 4380 et
1433 4345 1534 4381 om.
1565 4331 1621 4379 X
1770 4332 1837 4379 30
1876 4325 2300 4395 neoptolomeus
2341 4328 2435 4394 M,
2487 4326 2839 4396 neptolemus
2868 4329 2915 4380 Τ

608 4414 673 4460 32
696 4408 957 4461 laureaco
970 4410 1047 4460 Τᾶ
1159 4410 1354 4460 auctor
1375 4410 1443 4473 Ω,
1464 4424 1598 4462 corr.
1624 4424 1656 4465 ς
1679 4407 2028 4475 (Beroaldus)
2140 4422 2443 4475 prorepens
2464 4423 2495 4460 e
2514 4407 2678 4460 ruina
2698 4408 2910 4461 Beatus

608 4491 913 4543 Rhenanus
950 4490 1000 4555 (e
1029 4488 1194 4540 ruina
1226 4504 1330 4555 pro
1369 4504 1426 4540 se
1463 4487 1627 4539 ruina
1656 4488 1728 4550 R,
1770 4502 1827 4539 se
1866 4504 1895 4538 e
1933 4487 2096 4539 ruina
2131 4489 2304 4551 Torva,
2343 4487 2569 4540 ceruina
2598 4488 2910 4551 Reinese’us)
