3325 5209
611 435 695 499 88
1311 435 1367 489 Ο.
1408 433 1723 489 SVETONJ
1758 434 2201 500 TRANQVILLI

608 620 726 683 per
770 602 1083 663 terrarum
1134 598 1357 662 orbem
1415 620 1570 683 pace
1616 598 1917 682 belloque
1969 621 2038 662 re
2083 622 2145 683 p.
2191 599 2408 683 fuerit,
2455 602 2749 684 exposui,
2810 623 2902 664 re-

606 706 809 769 feram
865 727 1035 770 nunc
1091 705 1461 769 interiorem
1519 727 1592 769 ac
1646 705 2030 770 familiarem
2088 706 2223 770 eius
2280 707 2483 770 uitam
2542 706 2903 790 quibusque

608 813 894 877 moribus
950 817 1144 895 atque
1197 813 1457 876 fortuna
1512 813 1688 876 domi
1745 816 1809 876 et
1864 814 2031 876 inter
2086 835 2234 877 suos
2295 814 2498 898 egerit
2552 836 2590 877 a
2641 815 2904 880 iuuenta

606 942 810 1002 usque
859 919 937 983 ad
985 941 1358 1003 supremum
1403 920 1578 983 uitae
1625 920 1810 983 diem.
2273 908 2280 911 ⁴

536 1045 566 1090 2
785 1026 1058 1090 Matrem
1115 1026 1331 1089 amisit
1392 1026 1460 1089 in
1522 1028 1734 1110 primo
1799 1025 2161 1111 consulatu,
2227 1049 2509 1092 sororem
2568 1026 2902 1091 Octauiam
2958 1053 2982 1092 5

608 1135 1262 1219 quinquagensimum
1319 1137 1382 1196 et
1432 1136 1730 1216 quartum
1789 1155 1985 1218 agens
2033 1134 2260 1197 aetatis
2308 1156 2562 1198 annum.
2646 1136 2902 1218 utrique

608 1261 750 1303 cum
823 1240 1167 1323 praecipua
1242 1240 1460 1304 officia
1531 1241 1722 1304 uiuae
1797 1240 2240 1323 praestitisset,
2306 1241 2501 1304 etiam
2567 1241 2902 1305 defunctae

605 1345 882 1410 honores
930 1349 1243 1411 maximos
1291 1347 1537 1411 tribuit.

498 1454 589 1518 62
785 1450 1102 1536 Sponsam
1157 1455 1470 1518 habuerat
1525 1454 1896 1519 adulescens
1953 1454 2021 1517 P.
2072 1453 2306 1518 Seruili
2359 1452 2626 1520 Isaurici
2682 1455 2902 1538 filiam,
2945 1523 2951 1528 ,

604 1559 715 1622 sed
760 1560 1209 1624 reconciliatus
1268 1564 1417 1644 post
1471 1561 1748 1644 primam
1796 1561 2178 1626 discordiam
2225 1560 2540 1643 Antonio,
2599 1565 2901 1645 expostu-
2932 1586 2984 1626 ιο

602 1665 887 1729 lantibus
934 1670 1272 1751 utriusque
1320 1668 1634 1732 militibus
1683 1671 1757 1730 ut
1802 1673 1867 1731 et
1912 1669 2382 1733 necessitudine
2420 1670 2637 1751 aliqua
2682 1671 2902 1754 iunge-

601 1777 842 1857 rentur,
889 1774 1256 1859 priuignam
1304 1775 1441 1838 eius
1481 1772 1833 1858 Claudiam,
1881 1773 2148 1839 Fuluiae
2195 1799 2272 1838 ex
2310 1774 2379 1838 P.
2411 1773 2636 1840 Clodio
2682 1777 2903 1860 filiam,

604 1879 788 1943 duxit
832 1902 1099 1943 uxorem
1148 1880 1417 1944 uixdum
1455 1881 1743 1945 nubilem
1784 1902 1857 1945 ac
1896 1881 2225 1945 simultate
2265 1903 2407 1946 cum
2446 1882 2680 1947 Fuluia
2716 1904 2902 1948 socru

533 2004 562 2051 2
605 1991 746 2050 orta
801 1987 1049 2050 dimisit
1112 1988 1418 2051 intactam
1486 1987 1694 2054 adhuc
1749 1990 1813 2050 et
1869 1988 2204 2073 uirginem.
2289 2011 2442 2053 mox
2499 1988 2901 2054 Scriboniam

602 2092 672 2155 in
731 2095 1219 2158 matrimonium
1283 2094 1529 2179 accepit
1590 2098 1862 2179 nuptam
1924 2098 2071 2158 ante
2132 2094 2380 2159 duobus
2437 2095 2901 2179 consularibuS,
2930 2119 2981 2158 ιε

600 2221 680 2262 ex
736 2199 937 2264 altero
995 2202 1188 2265 etiam
1248 2205 1535 2265 matrem.
1630 2222 1774 2265 cum
1831 2200 1954 2265 hac
2009 2223 2264 2285 quoque
2321 2202 2671 2266 diuortium
2730 2202 2900 2287 fecit,

601 2310 1031 2392 pertaesuS,
1069 2311 1143 2370 ut
1182 2308 1425 2390 scribit,
1463 2330 1750 2371 morum
1790 2308 2385 2391 peruersitatem
2426 2309 2618 2391 eius,
2665 2331 2738 2372 ac
2777 2314 2900 2372 sta-

600 2412 718 2476 tim
768 2413 1021 2477 Liuiam
1069 2405 1423 2478 Drusillam
1476 2413 1888 2477 matrimonio
1937 2412 2155 2478 Tiberi
2201 2414 2481 2478 Neronis
2529 2420 2594 2478 et
2641 2416 2898 2498 quidem

598 2526 1060 2606 praegnantem
1128 2520 1398 2584 abduxit
1462 2521 1815 2602 dilexitque
1880 2525 1945 2584 et
2007 2520 2311 2605 probauit
2372 2522 2559 2586 unice
2624 2544 2697 2586 ac
2760 2544 2900 2607 per-

599 2631 978 2690 seueranter.
2928 2653 2980 2692 ιο

493 2732 585 2798 63
779 2733 880 2797 Ex
921 2732 1257 2797 Scribonia
1303 2732 1554 2817 Iuliam,
1601 2757 1680 2797 ex
1717 2734 1905 2797 Liuia
1949 2734 2116 2798 nihil
2151 2734 2496 2799 liberorum
2537 2736 2706 2819 tulit,
2754 2757 2898 2800 cum

600 2841 878 2904 maxime
925 2845 1200 2924 cuperet.
1284 2842 1523 2922 infans,
1585 2842 1695 2921 qui
1752 2846 2098 2924 conceptus
2154 2846 2318 2924 erat,
2373 2845 2756 2907 immaturus
2804 2851 2900 2908 est

601 2947 826 3010 editus
920 2946 1151 3012 Iuliam
1210 2950 1492 3032 primum
1548 2948 1853 3012 Marcello
1913 2946 2219 3013 Octauiae
2275 2952 2515 3013 sororis
2563 2971 2715 3014 suae
2761 2951 2897 3014 filio

597 3056 851 3118 tantum
901 3056 1073 3139 quod
1119 3055 1459 3139 pueritiam
1509 3077 1783 3141 egresso,
1832 3054 2073 3137 deinde,
2120 3058 2193 3118 ut
2233 3057 2285 3118 is
2327 3056 2505 3140 obiit,
2551 3057 2633 3120 M.
2663 3056 2897 3143 Agrip-

597 3182 716 3244 pae
779 3165 1056 3244 nuptum
1123 3162 1297 3225 dedit
1362 3164 1623 3225 exorata
1688 3183 1932 3243 sorore,
1997 3165 2071 3223 ut
2137 3161 2262 3225 sibi
2326 3183 2558 3246 genero
2616 3163 2896 3247 cederet3
2924 3184 2977 3225 25

596 3290 745 3330 nam
803 3273 957 3333 tunc
1012 3267 1307 3354 Agrippa
1377 3267 1642 3330 alteram
1703 3267 2150 3332 Marcellarum
2210 3268 2488 3332 habebat
2554 3274 2617 3333 et
2683 3292 2759 3333 ex
2827 3292 2899 3333 ea

644 3540 654 3550 .
689 3540 700 3549 .
740 3498 979 3551 transire
1020 3498 1297 3566 disposui3
1337 3497 1419 3549 ita
1455 3498 1664 3564 tamen,
1703 3498 1769 3549 ut
1804 3495 1985 3563 primo
2024 3513 2111 3548 res
2151 3500 2340 3565 gestas
2381 3500 2437 3550 et
2466 3499 2618 3550 domi
2658 3507 2715 3551 et
2742 3500 2894 3564 foriS‚

597 3577 801 3630 deinde
839 3593 1019 3630 mores
1059 3580 1117 3631 et
1155 3577 1345 3631 studia
1384 3577 1520 3641 eius,
1559 3579 1681 3628 tum
1721 3576 1789 3629 de
1827 3576 1986 3644 regni
2025 3577 2517 3631 administratione
2545 3581 2602 3631 et
2630 3578 2739 3632 fine
2766 3596 2896 3633 nar-

596 3658 772 3710 rando
805 3700 815 3711 .
842 3703 850 3712 .
878 3701 887 3710 .
919 3658 1063 3711 nihil
1110 3657 1576 3726 praetermittam.
1645 3660 1718 3708 18
1768 3656 1925 3708 cuius
1974 3656 2148 3709 animi
2188 3657 2347 3711 dotes
2386 3660 2516 3725 (Tit.
2549 3662 2603 3727 3)
2636 3701 2645 3711 .
2671 3701 2680 3712 .
2707 3701 2716 3712 .
2749 3663 2894 3713 cete-

596 3755 769 3805 raque
809 3739 883 3790 ad
929 3739 1252 3792 interiorem
1299 3741 1468 3805 atque
1515 3738 1883 3791 domesticam
1921 3737 2100 3790 uitam
2147 3738 2491 3805 pertinentia
2537 3739 2653 3791 iam
2690 3738 2897 3793 abhinc

597 3818 783 3872 dicere
822 3819 1094 3872 exordiar.
1170 3819 1238 3884 cf.
1281 3818 1513 3886 Capitol.
1546 3820 1708 3871 Max.
1732 3818 1895 3872 Balb.
1926 3822 1977 3883 4,
2009 3821 2043 3871 5
2190 3823 2256 3870 14
2295 3818 2450 3886 Epit.
2484 3824 2533 3883 1,
2560 3823 2634 3872 23
2672 3817 2896 3873 abiecta

595 3916 817 3968 quoque
855 3915 1025 3953 uxore
1057 3898 1350 3952 Scribonia
1388 3914 1577 3950 amore
1615 3897 1834 3950 alienae
1874 3897 2127 3966 coniugis
2165 3913 2454 3965 possessus
2482 3898 2704 3952 Liuiam
2733 3901 2896 3967 quasi

595 3980 799 4033 marito
833 3980 1174 4032 concedente
1205 3977 1313 4031 sibi
1352 3978 1642 4030 coniunxit
1681 3978 1770 4045 (ef.
1808 3979 1924 4030 Tib.
1946 3981 2016 4046 4).
2164 3983 2227 4030 21
2263 3980 2636 4032 Einhard.18
2676 3980 2745 4033 de
2784 3997 2895 4048 qua

595 4060 739 4113 nihil
776 4060 1079 4113 liberorum
1115 4058 1266 4112 tulit.

595 4183 727 4194 -..Γᾶ

741 4253 767 4299 1
809 4264 868 4300 re
904 4246 1135 4315 publica
1177 4247 1245 4311 G,
1280 4245 1363 4298 rei
1397 4263 1451 4313 p.
1495 4246 1571 4298 M
1574 4243 1727 4298 H2R
1871 4250 1902 4297 6
1939 4245 2168 4298 tertium
2211 4246 2431 4298 Clinton
2579 4252 2606 4297 7
2645 4246 2801 4301 uitae
2844 4248 2895 4300 G

596 4333 626 4379 9
666 4326 868 4379 habuit
906 4344 938 4385 ς
1096 4331 1157 4380 11
1199 4326 1493 4378 unirentur
1522 4328 1580 4376 X
1730 4329 1794 4377 13
1834 4325 1930 4377 uix
1968 4326 2090 4377 tum
2118 4327 2234 4379 HR
2376 4324 2580 4377 Fuluia
2618 4327 2717 4380 del.
2747 4327 2892 4380 Haz-

596 4408 826 4460 bertsma
974 4411 1040 4459 16
1078 4407 1316 4457 matrem
1351 4404 1634 4469 GHL218,
1678 4406 1856 4458 matre
1895 4406 1986 4458 rel.
2020 4405 2151 4472 (Ωὲ)
2313 4410 2380 4457 24
2418 4408 2640 4459 tantum
2679 4423 2789 4473 quo
2830 4408 2892 4470 V,

593 4487 970 4554 tantumq(ue)
1006 4485 1342 4539 GHPSTL³
1380 4486 1462 4554 (in
1493 4487 1548 4538 P
1573 4490 1701 4552 post
1729 4503 1781 4550 q;
1821 4486 2110 4556 uestiyium
2149 4487 2397 4553 rasurae)
2543 4488 2606 4539 ut
2645 4485 2819 4539 subiit
2842 4488 2893 4539 G

594 4572 661 4619 26
700 4564 1025 4618 marcellam
1068 4564 1118 4617 G
