3325 5209
601 397 725 461 128
1299 396 1356 450 C.
1396 395 1711 451 SVETONI
1746 393 2194 459 TRANQVILLI

597 562 680 625 tis
729 561 1140 625 conlucerent
1188 560 1473 646 ignibus3
1528 564 1592 623 et
1638 581 1816 642 mox,
1870 580 2011 623 cum
2062 555 2396 641 Illyricum
2445 561 2669 641 petens
2717 556 2898 620 iuxta

596 667 934 731 Patauium
987 667 1225 730 adisset
1263 664 1574 750 Geryonis
1624 666 1972 747 oraculum,
2021 668 2192 729 sorte
2239 668 2461 748 tracta,
2510 687 2637 747 qua
2684 685 2898 727 mone-

598 775 790 837 batur
844 777 918 837 ut
974 773 1050 837 de
1107 773 1690 837 consultationibus
1746 773 1813 835 in
1868 771 2086 855 Aponi
2140 772 2388 835 fontem
2449 770 2615 835 talos
2671 792 2897 835 aureos

601 882 852 963 iaceret,
898 880 1114 943 euenit
1160 884 1233 943 ut
1280 902 1601 944 summum
1649 901 1987 942 numerum
2028 878 2178 942 iacti
2225 878 2306 941 ab
2346 901 2420 942 eo
2461 878 2899 962 ostenderent3

530 1004 564 1050 4
600 987 917 1070 hodieque
966 986 1084 1050 sub
1133 1009 1299 1070 aqua
1345 986 1646 1050 uisuntur
1691 986 1761 1049 hi
1808 986 1940 1049 tali.
2025 989 2172 1049 ante
2217 1006 2454 1069 paucos
2501 1006 2656 1048 uero
2706 1006 2899 1068 quam
2954 1010 2979 1049 5

602 1098 1012 1158 reuocaretur
1069 1093 1202 1156 dies
1259 1093 1475 1176 aquila
1529 1116 1881 1175 numquam
1939 1097 2126 1156 antea
2172 1091 2388 1155 Rhodi
2446 1096 2787 1176 conspecta
2833 1091 2900 1154 in

604 1200 883 1266 culmine
931 1200 1159 1264 domus
1206 1200 1343 1263 eius
1390 1200 1652 1285 assedit3
1701 1204 1765 1264 et
1810 1198 2016 1283 pridie
2055 1222 2248 1282 quam
2298 1198 2374 1262 de
2417 1198 2627 1262 reditu
2668 1199 2902 1262 certior

604 1309 805 1392 fieret,
850 1308 1235 1370 uestimenta
1277 1308 1553 1370 mutanti
1590 1308 1808 1370 tunica
1846 1307 2067 1369 ardere
2105 1306 2245 1369 11183
2291 1310 2402 1369 est.
2488 1305 2901 1388 Thrasyllum

603 1436 859 1497 quoque
906 1413 1459 1496 mathematicum,
1515 1436 1707 1496 quem
1754 1417 1826 1477 ut
1873 1413 2221 1497 sapientiae
2277 1414 2706 1496 professorem
2756 1433 2901 1476 con·

604 1520 904 1584 tubernio
960 1520 1359 1606 admouerat,
1415 1525 1554 1584 tum
1616 1521 1892 1584 maxime
1954 1525 2253 1605 expertus
2315 1524 2410 1584 est
2470 1520 2896 1583 affirmantem
2932 1543 2983 1583 1ο

604 1649 768 1691 naue
822 1627 1085 1711 prouisa
1139 1628 1448 1713 gaudium
1504 1628 1745 1713 afferri3
1801 1649 1944 1691 cum
2002 1627 2260 1710 quidem
2318 1627 2503 1690 illum
2563 1626 2783 1689 durius
2841 1629 2904 1688 et

608 1738 829 1798 contra
887 1735 1213 1818 praedicta
1272 1735 1645 1798 cadentibus
1712 1734 1903 1797 rebus
1968 1739 2040 1798 ut
2106 1734 2338 1796 falsum
2396 1736 2459 1797 et
2516 1737 2900 1796 secretorum

607 1845 845 1904 temere
892 1842 1237 1927 conscium,
1284 1864 1359 1905 eo
1408 1842 1548 1925 ipso
1596 1846 1943 1924 momento,
1993 1842 2143 1904 dum
2184 1842 2501 1924 spatiatur
2537 1863 2682 1922 una,
2729 1860 2905 1923 prae-

610 1948 877 2031 cipitare
925 1950 999 2029 in,
1039 1972 1213 2013 mare
1261 1949 1655 2012 destinasset.

502 2050 590 2117 15
789 2054 1064 2119 Romam
1120 2078 1413 2120 reuersus
1461 2057 1732 2120 deducto
1791 2057 1856 2117 in
1902 2056 2112 2119 forum
2161 2056 2298 2118 filio
2346 2054 2560 2118 Druso
2609 2055 2824 2117 statim
2873 2076 2907 2117 e
2937 2077 2987 2118 15

610 2160 860 2226 Carinis
917 2186 992 2228 ac
1047 2164 1439 2245 Pompeiana
1487 2164 1678 2227 domo
1727 2162 2052 2245 Esquilias
2100 2163 2166 2224 in
2215 2163 2438 2225 hortos
2487 2160 2907 2225 Maecenatia-

607 2292 726 2333 nos
782 2271 1271 2356 transmig1·auit
1326 2274 1666 2352 totumque
1722 2291 1787 2332 se
1843 2270 1924 2331 ad
1971 2269 2253 2352 quietem
2303 2268 2595 2350 contulit,
2652 2268 2908 2350 priuata

611 2377 803 2440 modo
852 2377 1065 2440 officia
1113 2377 1334 2439 obiens
1381 2399 1456 2440 ac
1502 2376 1909 2459 publicorum
1956 2398 2295 2439 munerum
2344 2396 2584 2457 expers,

540 2498 571 2543 2
746 2481 902 2546 Gaio
970 2487 1033 2544 et
1106 2481 1308 2546 Lucio
1376 2483 1545 2545 intra
1608 2483 1958 2545 triennium
2030 2481 2350 2546 defunctis
2416 2482 2763 2564 adoptatur
2828 2481 2908 2544 ab

610 2589 908 2674 Augusto
958 2588 1151 2651 simul
1199 2611 1344 2652 cum
1401 2589 1599 2652 fratre
1647 2611 1866 2653 eorum
1917 2589 2001 2653 M.
2041 2588 2354 2675 Agrippa,
2412 2592 2673 2653 coactus
2731 2588 2910 2672 prius
2941 2611 2992 2649 20

610 2695 747 2777 ipse
798 2693 1248 2758 Germanicum
1302 2696 1519 2758 fratris
1575 2696 1675 2758 sui
1729 2696 1937 2759 filium
1986 2697 2308 2779 adoptare.
2402 2717 2520 2760 nec
2568 2695 2910 2778 quicquam

613 2805 840 2884 postea
902 2824 1019 2885 pro
1087 2806 1267 2884 patre
1330 2802 1610 2865 familias
1679 2803 1812 2888 egit
1877 2807 1987 2867 aut
2035 2805 2163 2888 1118,
2229 2802 2400 2885 (111οᾶ
2449 2803 2775 2886 amiserat,
2834 2825 2913 2866 ex

612 2907 746 2971 ulla
790 2912 971 2999 parte
1019 2909 1301 2972 retinuit.
1393 2931 1542 2972 nam
1580 2931 1788 2992 neque
1828 2911 2093 2973 donauit
2138 2931 2345 2992 neque
2394 2910 2786 2993 manumisit,
2833 2932 2911 2972 ne

613 3014 1034 3079 hereditatem
1092 3016 1350 3099 quidem
1405 3021 1518 3080 aut
1573 3017 1787 3103 legata
1840 3018 2127 3101 percepit
2182 3017 2315 3080 ulla
2368 3017 2553 3080 aliter
2599 3040 2791 3099 quam
2839 3020 2913 3079 ut

615 3122 867 3206 peculio
916 3123 1182 3186 referret
1230 3128 1508 3207 accepta.
1602 3123 1768 3187 nihil
1806 3146 1882 3186 ex
1931 3145 2004 3187 eo
2052 3128 2342 3207 tempore
2391 3123 2912 3206 praetermissum
2942 3144 2992 3183 25

616 3234 713 3293 est
760 3229 841 3291 ad
886 3229 1288 3293 maiestatem
1336 3229 1471 3294 eius
1518 3230 1876 3317 augendam
1926 3251 1998 3294 ac
2044 3231 2250 3294 multo
2297 3232 2524 3316 magiS,
2570 3234 2912 3314 postquam

615 3335 910 3422 Agrippa
965 3337 1260 3401 abdicato
1317 3342 1509 3421 atque
1567 3339 1850 3422 seposito
1900 3342 2141 3401 certum
2189 3342 2343 3419 erat,
2390 3338 2503 3402 uni
2552 3358 2730 3421 spem
2777 3359 2913 3401 suc·

513 3435 602 3502 16
625 3444 928 3508 cessionis
974 3445 1369 3528 incumbere3
1418 3444 1566 3508 data
1610 3467 1833 3508 rursus
1881 3447 2165 3528 potestas
2222 3445 2572 3510 tribunicia
2621 3444 2687 3506 in
2734 3444 2914 3526 quin-

618 3550 994 3633 quennium,
1052 3551 1380 3637 delegatus
1435 3551 1759 3635 pacandae
1818 3551 2194 3616 Germaniae
2243 3556 2480 3635 status,
2526 3551 2916 3615 Parthorum

761 3729 792 3776 8
841 3726 1012 3779 Schol.
1053 3729 1182 3779 qu.
1217 3732 1277 3791 6,
1308 3732 1415 3780 576
1470 3725 1801 3794 Thrasyllus
1849 3727 2152 3779 multarum
2202 3728 2408 3779 artium
2458 3728 2753 3780 scientiam
2789 3745 2918 3796 pro·

620 3804 800 3858 fessus
845 3810 1127 3874 postremo
1186 3824 1243 3860 se
1294 3807 1451 3860 dedit
1496 3807 1824 3860 Platonicae
1883 3810 2069 3861 sectae
2117 3824 2183 3861 ac
2231 3808 2434 3859 deinde
2481 3809 2738 3861 mathesi.
2807 3825 2919 3875 (1113

619 3886 920 3954 praecipue
966 3887 1155 3955 uiguit
1200 3888 1349 3955 apud
1397 3887 1710 3951 Tiberium,
1761 3904 1886 3941 cum
1935 3904 2043 3955 quo
2093 3888 2194 3941 sub
2244 3887 2453 3942 honore
2491 3887 2742 3941 eiusdem
2782 3889 2920 3941 artis

622 3967 903 4019 artissima
948 3966 1335 4020 familiaritate
1383 3968 1542 4020 uixit.
1619 3984 1787 4035 quem
1833 3970 2030 4036 postea
2077 3967 2334 4020 Tiberius
2382 3969 2441 4020 in
2487 3968 2673 4021 insula
2720 3969 2918 4022 Rhodo

620 4047 993 4115 praecipitare
1030 4047 1212 4100 uoluit
1247 4049 1307 4101 in
1344 4048 1609 4117 pelagum
1648 4050 1812 4116 quasi
1851 4049 2134 4102 conscium
2161 4049 2472 4116 promissae
2502 4048 2916 4102 dominationis

623 4143 787 4193 quem
826 4127 1017 4180 dolum
1057 4144 1181 4180 cum
1218 4129 1548 4196 praesensit,
1586 4129 1751 4198 fugit.

766 4294 796 4339 5
837 4288 893 4339 hi
925 4288 1025 4355 (hii
1053 4289 1163 4356 QS)
1194 4289 1321 4359 tali]
1345 4288 1481 4340 *tali
1512 4290 1551 4357 (i
1581 4307 1739 4343 erasa
1751 4292 1799 4358 ἵ)
1824 4292 1890 4354 P,
1919 4289 1980 4340 In
2011 4289 2174 4342 italia
2195 4289 2246 4343 G
2366 4295 2394 4342 7
2427 4305 2596 4357 quam
2625 4289 2849 4342 redditu
2877 4288 2926 4338 V

628 4371 690 4419 10
711 4367 1032 4420 admoratG
1106 4385 1230 4420 cum
1242 4370 1474 4438 Bentley
1550 4376 1615 4422 16
1636 4369 2007 4437 esqualiasM
2078 4376 2142 4422 18
2164 4385 2458 4422 numerum
2473 4371 2600 4424 MR
2680 4375 2742 4421 19
2765 4368 2921 4437 bien-

623 4447 777 4498 nium
803 4448 1114 4500 Glareanus
1223 4449 1603 4517 adoptabatur
1627 4451 1678 4502 G
1791 4456 1856 4501 22
1885 4450 2066 4518 patris
2091 4450 2142 4503 G
2244 4449 2394 4519 quod
2424 4450 2725 4518 adoptione
2756 4466 2789 4508 ς
2820 4450 2918 4517 (ed.

636 4528 760 4580 Ven.
783 4529 832 4591 I,
862 4527 1035 4597 uuly.)
1139 4534 1204 4580 28
1236 4530 1568 4582 decennium
1584 4531 1766 4600 Beryk
1797 4531 1884 4597 (cf.
1910 4531 2053 4600 Any.
2075 4534 2167 4599 27)
2272 4536 2337 4582 29
2367 4530 2655 4599 pacandus
2688 4531 2919 4584 Oasaub.
