3325 5209
1117 395 1174 448 C.
1216 393 1578 448 CALIGVLA
1617 406 1747 455 [CAP.
1777 407 1954 455 49—52]
2562 396 2688 460 193

564 557 714 621 Non
762 558 1064 622 inmerito
1112 558 1346 623 mentis
1403 558 1744 622 ualitudini
1804 558 2207 623 attribuerim
2255 559 2690 625 diuersissima
2708 556 2794 623 51

385 665 454 729 in
501 665 725 728 eodem
772 664 949 748 uitia,
997 687 1310 728 summam
1357 665 1808 730 confidentiam
1858 669 1922 729 et
1977 670 2200 729 contra
2243 666 2516 731 nimium
2562 689 2691 730 me-

388 775 543 835 tum.
618 794 766 835 nam
814 772 925 854 qui
973 771 1125 835 deos
1165 774 1346 836 tanto
1388 792 1578 855 opere
1617 775 2068 853 contemneret,
2107 773 2187 836 ad
2223 773 2491 837 minima
2527 774 2692 837 toni-

388 881 533 941 trua
600 881 663 941 et
725 878 985 963 fulgura
1042 878 1365 963 coniuere,
1431 881 1625 961 caput
1691 878 2062 960 obuoluere,
2120 882 2186 942 at
2241 900 2395 942 uero
2452 880 2692 942 maiore

337 1010 358 1048 ε
392 985 717 1069 proripere
772 1006 839 1048 se
896 1007 929 1047 e
989 987 1190 1048 strato
1248 983 1368 1048 sub
1425 984 1791 1068 lectumque
1847 986 2118 1049 condere
2174 984 2437 1050 solebatss
2520 1008 2694 1069 pere·
2790 1026 2797 1042 ι

392 1091 754 1177 grinatione
802 1092 1057 1174 quidem
1108 1090 1431 1155 Siciliensi
1479 1093 1685 1155 irrisis
1731 1091 2008 1155 multum
2045 1092 2334 1156 locorum
2371 1092 2695 1156 miraculis

393 1202 652 1283 repente
701 1221 736 1261 a
783 1199 1078 1264 Messana
1138 1203 1336 1263 noctu
1393 1198 1687 1284 profugit
1742 1197 2016 1262 Aetnaei
2071 1199 2333 1263 uerticis
2386 1199 2567 1263 fumo
2623 1221 2697 1264 ac

393 1326 716 1379 murmure
781 1306 1171 1389 pauefactus.
1279 1306 1586 1369 aduersus
1648 1304 1956 1369 barbaros
2027 1327 2284 1389 quoque
2345 1305 2696 1370 minacissi·
2734 1321 2765 1368 2

392 1435 560 1495 mus,
618 1434 762 1476 cum
819 1415 996 1476 trans
1053 1411 1353 1476 Rhenum
1410 1413 1578 1476 inter
1634 1413 1962 1497 angustias
2021 1413 2412 1496 densumque
2466 1435 2698 1498 agmen

315 1542 366 1581 10
396 1521 518 1584 iter
563 1519 783 1583 essedo
831 1519 1094 1604 faceret,
1142 1518 1389 1582 dicente
1438 1519 1714 1602 quodam
1761 1541 1891 1583 non
1938 1519 2322 1583 mediocrem
2370 1521 2506 1583 fore
2555 1540 2699 1583 con·

396 1627 853 1691 sternationem
902 1625 1165 1690 sicunde
1211 1625 1422 1689 hostis
1469 1630 1810 1709 appareat,
1851 1647 2085 1709 equum
2131 1626 2280 1690 ilico
2331 1627 2699 1692 conscendit

397 1755 468 1796 ac
514 1754 784 1817 propere
835 1732 1212 1814 <re>uersus
1261 1731 1340 1795 ad
1385 1735 1634 1816 ponteS,
1684 1736 1754 1795 ut
1800 1754 1907 1796 eos
1958 1733 2289 1797 calonibus
2338 1737 2402 1796 et
2438 1732 2698 1817 impedi-

398 1840 630 1903 mentis
680 1839 953 1922 stipatos
1001 1838 1303 1922 repperit,
1349 1840 1690 1922 impatiens
1732 1861 1946 1903 morae
1985 1861 2099 1923 per
2135 1861 2361 1903 manus
2400 1860 2473 1902 ac
2510 1861 2703 1922 super

399 1946 609 2028 capita
661 1944 998 2009 hominum
1053 1946 1402 2009 translatus
1451 1950 1564 2010 est.
1647 1968 1800 2009 mox
1846 1947 2038 2009 etiam
2090 1946 2308 2009 audita
2353 1944 2701 2010 rebellione
2741 1961 2771 2008 3

321 2075 371 2114 15
402 2050 772 2116 Germaniae
834 2052 1054 2137 fugam
1117 2056 1181 2116 et
1246 2051 1533 2116 subsidia
1597 2053 1790 2138 fugae
1846 2053 2078 2117 classes
2135 2050 2512 2137 apparabat,
2573 2074 2701 2115 uno

403 2158 639 2223 solacio
689 2158 1104 2240 adquiescens
1152 2160 1612 2223 transmarinas
1673 2163 1840 2224 certe
1897 2159 2019 2223 sibi
2069 2157 2513 2242 superfuturas
2559 2180 2711 2242 pro-.

401 2265 664 2349 uinciaS,
711 2267 765 2329 si
812 2267 1090 2330 uictores
1131 2265 1396 2350 Alpium
1443 2268 1612 2351 iuga,
1659 2270 1733 2329 ut
1781 2264 2042 2350 Cimbri,
2089 2267 2196 2330 uel
2232 2267 2423 2330 etiam
2462 2265 2705 2347 urbem,

402 2375 474 2435 ut
529 2370 813 2436 Senones
872 2372 1222 2456 quondam,
1279 2378 1690 2457 occuparent3
1755 2374 1922 2437 unde
1980 2373 2166 2436 credo
2222 2372 2726 2456 percussoribus
2794 2412 2801 2423 -

403 2480 538 2543 eius
586 2484 808 2562 postea
855 2479 1196 2544 consilium
1241 2483 1465 2545 natum
1513 2479 1684 2563 apud
1720 2479 2186 2543 tumultuantes
2223 2478 2463 2543 milites
2501 2500 2707 2542 emen-

325 2608 376 2646 20
405 2584 632 2668 tiendi,
689 2587 902 2670 ipsum
950 2587 1077 2649 sibi
1122 2608 1351 2650 manus
1399 2586 1697 2650 intulisse
1744 2588 1972 2650 nuntio
2019 2586 2223 2650 malae
2269 2607 2524 2671 pugnae
2569 2607 2707 2668 per-

406 2693 719 2756 territum.

584 2798 845 2863 Vestitu
891 2799 1292 2880 calciatuque
1340 2803 1405 2863 et
1456 2803 1668 2864 cetero
1714 2798 1942 2862 habitu
1989 2820 2196 2881 neque
2242 2800 2453 2882 patrio
2499 2820 2708 2882 neque
2726 2794 2815 2860 52

406 2905 612 2988 ciuili,
667 2927 741 2968 ac
785 2927 866 2969 ne
921 2905 1096 2968 uirili
1144 2906 1402 2987 quidem
1454 2927 1526 2972 ac
1583 2904 1858 2988 denique
1910 2904 2193 2969 humano
2252 2927 2503 2989 semper
2556 2927 2709 2968 usus

408 3015 519 3076 est.
618 3034 806 3096 saepe
871 3011 1157 3096 depictas
1219 3017 1702 3097 gemmatasque
1774 3011 2038 3076 indutus
2097 3014 2432 3097 paenulas,
2492 3034 2710 3076 manu-

328 3141 380 3179 25
411 3119 615 3183 leatus
662 3123 728 3182 et
773 3118 1134 3181 armillatus
1193 3117 1261 3183 in
1318 3118 1651 3201 publicum
1698 3119 2037 3202 processit3
2094 3119 2436 3202 aliquando
2486 3120 2709 3183 serica·

410 3231 514 3289 tus
562 3229 627 3289 et
674 3225 1067 3309 cycladatus3
1114 3245 1190 3288 ac
1236 3226 1426 3289 modo
1476 3225 1542 3288 in
1591 3224 1866 3308 crepidis
1912 3225 2018 3288 uel
2064 3228 2367 3309 coturnis,
2414 3225 2605 3288 modo
2645 3225 2714 3287 in

412 3332 838 3417 speculatoria
885 3331 1120 3416 caliga,
1177 3353 1659 3414 nonnumquam
1719 3352 1904 3395 socco
1951 3331 2279 3416 muliebri3
2334 3333 2713 3416 plerumque

411 3462 564 3504 uero
612 3461 802 3503 aurea
848 3438 1066 3521 barba,
1114 3438 1359 3502 fulmen
1405 3443 1630 3502 tenens
1683 3443 1793 3502 aut
1843 3439 2160 3502 fuscinam
2209 3442 2319 3503 aut
2367 3427 2712 3503 caduceum

555 3637 620 3683 22
648 3649 768 3699 sqq.
803 3632 985 3685 Victor
1024 3630 1173 3684 Caes.
1206 3634 1258 3696 3,
1290 3636 1361 3685 10
1412 3631 1645 3684 deorum
1691 3631 1893 3684 habitu
1948 3632 2264 3685 incedebat.
2324 3632 2603 3685 Einhard.
2641 3636 2714 3684 23

414 3712 625 3764 uestitu
662 3710 862 3779 patrie,
901 3712 964 3764 id
1001 3714 1089 3765 est
1125 3711 1412 3777 Francico‚
1452 3711 1732 3765 utebatur.

560 3885 589 3931 2
630 3882 687 3933 et
725 3883 951 3934 econtra
984 3880 1035 3934 G
1190 3885 1224 3933 4
1262 3883 1323 3932 at
1362 3880 1456 3949 (ad
1487 3881 1583 3947 M)
1622 3896 1756 3934 uero
1793 3880 2004 3933 maiore
2044 3882 2237 3948 MLP,
2288 3881 2361 3933 ad
2398 3882 2481 3955 (at
2512 3880 2717 3948 &¹013

415 3975 548 4013 uero
585 3959 800 4012 maiora
837 3960 1021 4014 GT'O
1049 3961 1354 4030 (Madviy),
1404 3961 1473 4013 ad
1515 3961 1732 4014 maiora
1767 3958 1902 4014 u'ero
1934 3962 2000 4014 H
2006 3961 2072 4013 N
2076 3977 2179 4026 ρς,
2219 3962 2280 4013 at
2315 3976 2450 4014 uero
2489 3959 2564 4013 ad
2601 3977 2716 4013 ma-

415 4039 536 4092 iora
574 4039 844 4094 Heinsius
882 4040 968 4108 (cf.
1006 4040 1189 4093 Herm.
1220 4045 1294 4094 40
1324 4057 1382 4107 p.
1416 4043 1542 4109 185)
1690 4045 1721 4093 5
1762 4056 1820 4094 se
1859 4042 2040 4093 stratu
2082 4039 2159 4105 G,
2198 4056 2320 4093 sese
2358 4041 2534 4093 strato
2573 4040 2616 4094 S

419 4119 726 4185 concedere
748 4120 822 4173 M
926 4125 956 4171 6
985 4119 1292 4173 multorum
1323 4124 1401 4190 (at
1428 4137 1490 4174 or
1518 4127 1769 4189 eat-punct.
1792 4122 1856 4174 in
1878 4120 1929 4175 G
1951 4139 2018 4174 m.
2044 4123 2092 4188 1)
2119 4120 2170 4174 G
2190 4121 2239 4173 T
2260 4121 2450 4190 (uuly.)
2571 4120 2717 4174 Pali-

420 4218 612 4253 corum
634 4199 864 4268 Bentley
1009 4205 1037 4251 7
1079 4200 1312 4254 crateris
1345 4201 1394 4253 ‘e
1422 4208 1731 4269 pem-uetusto
1762 4202 2090 4267 libro'affert
2123 4202 2352 4254 Turneb.
2384 4201 2515 4254 adn.
2535 4205 2625 4266 27,
2645 4206 2721 4255 20

425 4287 488 4333 12
528 4295 702 4350 prope
737 4294 933 4332 uersus
962 4280 1048 4345 N,
1085 4296 1221 4334 corr.
1256 4281 1501 4351 Bentley,
1544 4283 1899 4351 Canneyieter
2033 4281 2218 4335 fontes
2256 4284 2303 4333 Τ
2438 4287 2502 4333 12
2541 4282 2721 4349 impe-

421 4358 709 4415 dientibus
751 4358 802 4413 G
950 4364 1016 4411 15
1055 4359 1365 4428 apparebat
1396 4360 1542 4430 MQ¹
1690 4366 1754 4414 18
1795 4364 2062 4429 caperent
2089 4365 2145 4413 X
2310 4367 2377 4414 23
2416 4377 2521 4414 nec
2563 4362 2722 4415 deni-

422 4458 529 4509 que
561 4441 804 4504 Ernesti,
844 4440 944 4492 aut
972 4438 1024 4491 d.
1057 4440 1216 4505 Wolf
1317 4438 1513 4512 (non)
1553 4441 1799 4495 humano
1838 4441 1988 4512 παῖς.
2021 4442 2319 4510 (Beroald.)
2433 4447 2501 4495 24
2538 4443 2722 4511 pictas

423 4521 651 4576 Ernesti
796 4526 862 4571 28
904 4518 1158 4572 fiscinam
1190 4519 1422 4574 MGS¹a

533 4620 805 4661 Svnromvs
835 4619 903 4658 ed.
931 4619 1066 4658 Ihm.
1121 4620 1159 4659 Ι.
2229 4615 2291 4662 13
