3325 5209
629 348 669 411 2
1332 346 1388 401 C.
1426 345 1742 408 SVETONI
1779 344 2226 409 TRANQVILLI

558 526 590 573 2
632 510 934 593 compelli
980 530 1018 572 a
1064 509 1377 574 dictatore
1420 507 1600 574 Sulla
1644 507 1780 573 ullo
1828 509 2020 573 modo
2068 509 2300 592 potuit.
2375 530 2570 591 quare
2615 512 2680 572 et
2726 529 2934 573 sacer-

631 617 808 680 dotio
857 619 921 679 et
962 616 1182 679 uxoris
1222 615 1371 681 dote
1409 619 1473 680 et
1512 615 1834 701 gentilicis
1871 614 2336 679 hereditatibus
2374 613 2685 678 multatus
2723 614 2933 678 diuer-

633 745 849 787 sarum
886 723 1169 805 partium
1205 721 1577 800 habebatur,
1614 725 1689 785 ut
1728 722 1920 786 etiam
1960 722 2282 785 discedere
2310 744 2345 785 e
2373 721 2585 785 medio
2617 725 2680 784 et
2709 743 2937 803 quam-

632 850 824 913 quam
871 829 1098 893 morbo
1146 833 1494 911 quartanae
1539 828 1930 913 adgrauante
1976 848 2176 911 prope
2221 849 2337 911 per
2382 826 2669 911 singulas
2705 831 2935 891 noctes

633 940 1026 1000 commutare
1071 935 1349 999 latebras
1399 939 1737 1020 cogeretur
1782 956 1975 1018 seque
2013 934 2091 997 ab
2131 934 2621 1016 inquisitoribus
2658 936 2936 1018 pecunia

630 1042 996 1126 redimeret,
1074 1042 1276 1107 donec
1348 1065 1462 1126 per
1527 1042 1813 1127 uirgines
1877 1040 2170 1105 Vestales
2234 1062 2473 1125 perque
2536 1039 2930 1105 Mamercum

631 1148 982 1214 Aemilium
1049 1153 1112 1211 et
1167 1147 1504 1212 Aurelium
1563 1147 1820 1212 Cottam
1885 1147 2283 1231 propinquos
2350 1152 2415 1212 et
2478 1147 2717 1212 adfines
2779 1168 2935 1211 suos

561 1271 593 1318 3
632 1254 887 1319 ueniam
935 1254 1322 1337 impetrauit.
1416 1256 1570 1319 satis
1620 1257 1868 1319 constat
1915 1252 2188 1337 Sullam,
2248 1276 2394 1317 cum
2442 1253 2935 1336 deprecantibus

633 1361 1041 1425 amicissimis
1089 1365 1152 1424 et
1199 1362 1626 1425 ornatissimis
1674 1360 1833 1425 uiris
1880 1360 2275 1444 aliquamdiu
2322 1362 2698 1443 denegasset
2738 1365 2936 1443 atque

633 1469 728 1532 illi
768 1468 1183 1552 pertinaciter
1219 1468 1693 1549 contenderent,
1730 1470 2168 1551 expugnatum
2206 1466 2466 1531 tandem
2503 1467 2937 1550 proclamasse

637 1576 775 1638 siue
842 1574 1153 1637 diuinitus
1219 1575 1355 1637 siue
1420 1574 1636 1657 aliqua
1700 1575 2096 1638 coniectura:
2170 1573 2571 1638 uincerent
2635 1595 2718 1639 ac
2782 1573 2936 1636 sibi

632 1680 1034 1763 haberent,
1098 1680 1269 1744 dum
1326 1681 1545 1745 modo
1605 1681 1894 1744 scirent
1950 1703 2139 1762 eum,
2205 1702 2421 1763 quem
2477 1679 2936 1743 incolumem

634 1791 850 1851 tanto
909 1808 1138 1870 opere
1195 1792 1587 1870 cuperent,
1644 1787 2099 1870 quandoque
2155 1786 2645 1869 optimatium
2693 1766 2942 1868 partiss

633 1894 801 1978 bus,
857 1915 1041 1976 quas
1090 1915 1340 1957 secum
1386 1895 1617 1957 simul
1663 1893 2219 1975 defendissent,
2274 1893 2514 1956 exitio
2562 1893 2938 1976 futurum3

633 2022 800 2063 nam
849 1998 1158 2064 Caesari
1205 2002 1489 2066 multos
1536 1999 1820 2065 Marios
1868 2000 2139 2064 inesse.

563 2102 604 2167 2
816 2105 1151 2191 Stipendia
1214 2109 1422 2191 prima
1485 2107 1553 2170 in
1610 2106 1767 2169 Asia
1830 2106 1985 2170 fecit
2038 2105 2240 2170 Marci
2296 2105 2556 2169 Thermi
2619 2105 2937 2189 praetoris

635 2214 1080 2299 contuberni03
1146 2236 1184 2276 a
1249 2236 1376 2296 quo
1443 2214 1522 2275 ad
1588 2214 2031 2277 arcessendam
2096 2214 2362 2277 classem
2426 2212 2495 2276 in
2557 2212 2936 2296 Bithyniam

635 2322 865 2385 missus
923 2321 1167 2384 desedit
1224 2321 1391 2402 apud
1437 2319 1861 2401 Nicomeden,
1916 2341 2045 2383 non
2094 2320 2230 2383 sine
2275 2340 2530 2382 rumore
2574 2322 2939 2401 prostratae

634 2429 773 2513 regi
818 2427 1191 2510 pudicitia03
1239 2448 1429 2508 quem
1472 2447 1798 2489 rumorem
1836 2425 2017 2488 auxit
2054 2425 2223 2489 intra
2261 2446 2501 2508 paucos
2539 2446 2760 2489 rursus
2799 2426 2937 2489 dies

635 2534 911 2617 repetita
965 2532 1275 2615 Bithynia
1329 2555 1443 2614 per
1496 2553 1753 2596 causam
1809 2532 2157 2617 exigendae
2213 2533 2545 2615 pecuniae,
2612 2553 2772 2614 quae
2830 2532 2937 2594 de-

638 2640 895 2703 beretur
932 2639 1185 2701 cuidam
1223 2638 1524 2703 libertino
1563 2638 1783 2703 clienti
1822 2661 1955 2702 su0.
2017 2639 2265 2721 reliqua
2302 2639 2532 2701 militia
2562 2638 2938 2701 secundiore

638 2746 810 2809 fama
863 2744 989 2808 fuit
1034 2749 1099 2808 et
1145 2767 1183 2807 a
1227 2744 1504 2809 Thermo
1553 2745 1621 2807 in
1669 2746 2145 2831 expugnatione
2191 2743 2652 2827 Mytilenarum
2700 2765 2939 2808 corona

565 2847 607 2912 3
642 2853 844 2916 ciuica
892 2852 1164 2915 donatus
1211 2855 1322 2914 est.
1397 2852 1631 2915 meruit
1678 2855 1742 2914 et
1781 2852 1898 2915 sub
1940 2851 2214 2915 Seruilio
2252 2849 2536 2915 Isaurico
2583 2852 2652 2914 in
2692 2850 2937 2932 Cilicia,

640 2959 750 3022 sed
806 2957 988 3021 breui
1038 2962 1341 3040 tempore.
1426 2980 1574 3021 nam
1623 2956 1840 3021 Sullae
1895 2963 2102 3021 morte
2160 2961 2511 3041 comperta,
2573 2957 2767 3021 simul
2822 2980 2937 3041 spe

638 3086 844 3129 nouae
911 3064 1352 3147 dissensionis,
1414 3086 1578 3147 quae
1641 3087 1759 3147 per
1810 3063 2101 3129 Marcum
2156 3064 2471 3147 Lepidum
2536 3065 2938 3146 mouebatur,

640 3172 915 3235 Romam
980 3192 1249 3253 propere
1311 3170 1477 3234 redit
1587 3175 1650 3234 et
1705 3171 1932 3254 Lepidi
1998 3170 2255 3253 quidem
2321 3173 2652 3253 societate,
2717 3192 2937 3253 quam-

642 3302 835 3363 quam
899 3278 1148 3364 magnis
1216 3278 1700 3342 condicionibus
1761 3278 2171 3359 inuitaretur,
2237 3279 2578 3359 abstinuit,
2643 3299 2786 3340 cum
2842 3278 2936 3341 in-

643 3387 832 3472 genio
890 3385 1024 3449 eius
1082 3384 1330 3447 diffisus
1387 3389 1526 3447 tum
1584 3385 1942 3465 occasione,
2010 3406 2204 3466 quam
2261 3385 2574 3448 minorem
2632 3385 2935 3468 opinione

562 3485 609 3550 4
641 3493 1004 3557 offenderat.
1092 3496 1373 3555 ceterum
1422 3492 1780 3573 composita
1827 3490 2136 3554 seditione
2184 3490 2361 3553 ciuili
2401 3489 2768 3555 Cornelium
2806 3490 2937 3555 Do-

785 3664 850 3710 16
899 3659 967 3724 cf.
1011 3658 1133 3710 Viri
1176 3659 1254 3710 ill.
1297 3661 1388 3722 78,
1425 3663 1456 3710 1
1515 3656 1932 3710 contubernalis
1980 3656 2219 3709 Thermo
2273 3657 2334 3709 in
2380 3657 2573 3710 Asiam
2632 3656 2935 3726 profectuS‚

640 3756 768 3792 cum
816 3753 985 3806 saepe
1034 3737 1104 3789 ad
1152 3736 1498 3790 Nicomeden
1544 3753 1735 3805 regem
1777 3736 2079 3804 Bithyniae
2127 3739 2489 3802 commearet,
2544 3735 2937 3805 impudicitiae

640 3818 948 3871 infamatus
979 3819 1078 3870 est.
1207 3821 1273 3869 29
1286 3833 1405 3884 sqq.
1436 3818 1570 3870 ibid.
1603 3822 1694 3882 78,
1713 3821 1834 3884 2sq.
1864 3834 1994 3870 mox
2028 3816 2372 3869 Dolabellam
2400 3817 2610 3869 iudicio
2640 3816 2936 3885 oppressit.

642 3899 776 3950 dum
815 3897 1127 3950 studiorum
1166 3912 1335 3949 causa
1362 3897 1624 3949 Rhodum
1652 3897 1814 3964 petit,
1855 3913 1888 3949 a
1915 3896 2116 3965 piratis
2150 3899 2348 3964 captus
2378 3897 2574 3967 e<s>t3
2613 3896 2938 3964 redemptus

641 3978 867 4030 eosdem
905 3977 1009 4046 [et]
1048 3978 1244 4044 postea
1283 3979 1477 4044 captos
1513 3977 1755 4044 puniuit.

787 4151 818 4198 3
858 4145 1070 4198 discere
1113 4145 1180 4197 M
1188 4145 1223 4210 ¹,
1261 4144 1574 4214 diecederet
1606 4146 1890 4200 GPOST
2030 4147 2088 4198 et
2125 4162 2225 4199 om.
2260 4145 2311 4199 G
2455 4149 2486 4198 8
2524 4144 2842 4213 impetrarit
2875 4146 2938 4212 V,

642 4226 996 4295 perpetrauit
1034 4229 1088 4277 X
1130 4224 1181 4293 (1¹
1216 4224 1294 4277 im
1331 4242 1400 4279 33.
1439 4225 1538 4293 Π)
1697 4231 1761 4278 11
1800 4225 2040 4278 uicerint
2079 4225 2152 4278 M
2163 4224 2183 4254 ²
2331 4230 2394 4277 17
2437 4226 2831 4278 accersendam
2866 4229 2938 4290 Ω,

643 4304 962 4360 arcese-2112
1083 4310 1148 4358 18
1168 4306 1419 4376 prostate
1442 4307 1511 4359 M
1520 4304 1630 4357 ¹V¹
1750 4311 1816 4357 23
1838 4308 1939 4358 est.
1969 4305 2198 4375 meruit]
2221 4304 2616 4358 emeruitM²8
2722 4304 2872 4373 lycia
2888 4305 2939 4359 G

550 4377 561 4389 ’
642 4391 713 4438 26
742 4385 912 4438 rediit
948 4387 990 4439 1
1003 4402 1035 4443 ς
1066 4386 1258 4455 (παῖς.)
1369 4391 1432 4437 27
1464 4388 1587 4437 tum
1621 4382 1687 4437 T'
1723 4386 1803 4452 (in
1833 4386 1887 4439 R
1916 4401 2051 4438 corr.
2082 4403 2148 4439 eae
2177 4402 2303 4437 cum
2330 4391 2393 4438 ut
2420 4386 2560 4454 uid.)
2680 4390 2747 4438 28
2777 4401 2938 4439 occa-

643 4466 789 4519 sioni
831 4464 1063 4519 Casaub.
1096 4471 1222 4533 post
1258 4466 1398 4520 alios

2971 1490 3025 1528 10

2969 2020 3021 2060 1⁵

2969 2553 3022 2591 20

2967 3084 3019 3123 25
