3325 5209
611 377 697 441 84
1313 375 1370 432 C.
1409 376 1726 431 SVETONI
1762 377 2208 442 TRANQVILLI

608 539 1107 624 appellationem
1145 544 1219 604 ut
1255 540 1669 604 maledictum
1700 543 1764 604 et
1802 541 2223 625 obprobrium
2268 563 2519 625 semper
2557 540 2908 605 exhorruit.

610 668 753 711 cum
805 650 1133 729 spectante
1179 667 1255 711 eo
1302 646 1490 710 ludos
1536 646 2028 731 pronuntiatum
2075 651 2244 712 esset
2289 649 2357 711 in
2402 649 2629 711 mimo:

1098 791 1135 834 o
1185 770 1569 834 dominum
1618 793 1934 854 aequum
1983 775 2055 835 et
2102 773 2408 835 bonum!

609 899 674 960 et
728 896 1015 959 uniuersi
1072 895 1257 978 quasi
1313 895 1391 960 de
1447 896 1589 980 ipso
1648 895 1891 959 dictum
1947 897 2307 959 exultantes
2365 894 2909 979 comprobassent,

611 1006 677 1065 et
722 1003 943 1067 statim
1004 1026 1197 1067 manu
1258 1003 1573 1087 uultuque
1635 1002 1967 1070 indecoras
2024 1002 2424 1066 adulationes
2485 1002 2786 1085 repressit
2846 1005 2910 1064 et
2965 1028 2989 1066 5

612 1110 974 1193 insequenti
1036 1109 1136 1172 die
1197 1109 1583 1194 grauissimo
1645 1109 1954 1192 corripuit
2022 1108 2259 1192 edict03
2326 1108 2782 1192 dominumque
2843 1130 2908 1171 se

610 1214 884 1298 posthac
926 1215 1243 1299 appellari
1288 1238 1369 1279 ne
1416 1237 1454 1281 a
1504 1215 1724 1279 liberis
1773 1215 2030 1298 quidem
2076 1218 2190 1279 aut
2234 1215 2579 1297 nepotibus
2627 1215 2758 1278 suis
2806 1215 2909 1279 uel

615 1323 779 1385 serio
836 1322 943 1385 uel
1003 1324 1143 1387 ioco
1205 1344 1432 1406 passus
1492 1325 1590 1386 est
1649 1324 1844 1405 atque
1904 1322 2040 1385 eius
2099 1322 2276 1386 modi
2320 1321 2667 1385 blanditias
2716 1321 2906 1385 etiam

539 1441 570 1487 2
612 1429 780 1492 inter
817 1428 993 1512 ipsos
1030 1428 1379 1512 prohibuit.
1444 1451 1575 1493 non
1613 1432 1851 1492 temere
1888 1430 2046 1493 urbe
2085 1428 2407 1512 oppidoue
2443 1428 2578 1491 ullo
2617 1448 2908 1512 egressus

612 1538 723 1599 aut
771 1557 1094 1619 quoquam
1144 1537 1469 1621 ingressus
1517 1538 1614 1600 est
1659 1537 1785 1600 nisi
1832 1557 2103 1618 uespera
2157 1539 2270 1599 aut
2314 1538 2539 1617 noctu,
2592 1557 2672 1598 ne
2718 1556 2908 1616 quem
2940 1562 2991 1601 ιο

613 1641 813 1705 officii
851 1664 1043 1707 causa
1079 1643 1482 1726 inquietaret.
1564 1644 1630 1706 in
1667 1644 2005 1707 consulatu
2042 1642 2314 1726 pedibus
2351 1643 2501 1724 fere,
2546 1646 2726 1705 extra
2764 1663 2910 1705 con-

614 1750 893 1812 sulatum
971 1771 1158 1832 saepe
1225 1749 1532 1833 adoperta
1596 1749 1751 1813 sella
1813 1771 1929 1833 per
1999 1748 2331 1833 publicum
2395 1747 2672 1813 incessit.
2765 1769 2909 1830 pro-

608 1855 872 1919 miscuis
929 1855 1427 1921 salutationibus
1484 1856 1868 1920 admittebat
1923 1860 1988 1919 et
2042 1854 2321 1939 plebem,
2377 1859 2557 1920 tanta
2608 1855 2908 1918 comitate

608 1961 985 2026 adeuntium
1041 1962 1357 2026 desideria
1411 1963 1760 2045 excipienS,
1816 1966 1889 2025 ut
1946 1962 2261 2044 quendam
2320 1961 2461 2025 ioco
2511 1962 2910 2045 corripuerit,

612 2069 786 2150 quod
825 2070 917 2133 sic
963 2068 1088 2133 sibi
1133 2068 1425 2134 libellum
1465 2069 1794 2154 porrigere
1838 2066 2179 2150 dubitaret,
2228 2070 2446 2150 quasi
2494 2068 2907 2151 elephanto
2941 2094 2988 2133 15

546 2183 577 2231 8
616 2177 911 2258 stipem.
996 2176 1097 2239 die
1145 2180 1402 2239 senatus
1448 2196 1799 2256 numquam
1847 2177 2061 2258 patres
2107 2175 2234 2237 nisi
2273 2175 2341 2237 in
2379 2174 2555 2237 curia
2603 2175 2910 2237 salutauit

612 2287 677 2347 et
724 2282 984 2365 quidem
1032 2282 1309 2346 sedentis
1357 2305 1433 2347 ac
1477 2281 1861 2346 nominatim
1911 2280 2200 2365 singulos
2242 2280 2421 2344 nullo
2462 2280 2908 2364 submonente3

612 2390 807 2452 etiam
855 2387 1185 2453 discedens
1233 2389 1457 2453 eodem
1504 2388 1697 2452 modo
1747 2386 2115 2451 sedentibus
2163 2389 2378 2453 ualere
2425 2387 2695 2451 dicebat.
2771 2387 2908 2449 offi-

612 2497 709 2558 cia
756 2517 899 2558 cum
948 2494 1169 2558 multis
1218 2498 1443 2558 mutuo
1493 2494 1801 2576 exercuit,
1859 2514 1977 2557 nec
2022 2494 2204 2576 prius
2253 2493 2387 2558 dies
2435 2493 2742 2576 cuiusque
2788 2495 2907 2558 sol-

610 2601 852 2665 lemnes
916 2601 1325 2685 frequentare
1390 2602 1605 2683 desiit,
1677 2622 1869 2684 quam
1934 2601 2240 2684 grandior
2304 2601 2429 2664 iam
2493 2605 2650 2664 natu
2716 2605 2780 2664 et
2843 2601 2911 2663 in
2938 2627 2990 2666 20

612 2710 801 2773 turba
851 2709 1172 2792 quondam
1221 2710 1693 2793 sponsaliorum
1733 2707 1835 2771 die
1871 2712 2158 2771 uexatus.
2253 2705 2508 2772 Gallum
2551 2706 2905 2772 Cerrinium

613 2819 971 2880 senatorem
1019 2815 1230 2880 minus
1288 2815 1413 2879 sibi
1463 2815 1874 2897 familiarem,
1931 2815 2042 2879 sed
2090 2819 2351 2898 captum
2397 2818 2656 2899 repente
2706 2812 2907 2878 oculis

614 2925 676 2985 et
725 2921 809 2987 ob
856 2921 1007 3005 <id>
1063 2921 1402 3005 inedia[m]
1460 2921 1626 2987 mori
1684 2919 2109 2985 destinantem
2162 2943 2462 3005 praesens
2520 2920 2907 2985 consolando

612 3030 942 3093 reuocauit
987 3028 1067 3092 ad
1113 3028 1331 3092 uitam.

511 3123 605 3190 54
789 3133 867 3199 In
913 3140 1139 3200 senatu
1184 3135 1381 3200 uerba
1424 3136 1687 3199 facienti
1735 3136 1977 3200 dictum
2025 3139 2150 3199 est:
2206 3157 2353 3197 non
2400 3132 2788 3217 intellexi,
2843 3137 2906 3197 et
2937 3154 2988 3194 25

614 3242 694 3305 ab
735 3243 888 3306 alio:
937 3242 1580 3306 contradicerem
1629 3242 1804 3324 tibi,
1854 3243 1917 3305 si
1963 3241 2214 3305 locum
2262 3239 2633 3304 haberem.
2717 3242 2908 3305 inter-

615 3349 767 3413 dum
807 3350 888 3412 ob
928 3348 1307 3413 immodicas
1334 3349 1832 3433 disceptantium
1863 3347 2308 3412 altercationes
2338 3369 2371 3411 e
2403 3347 2578 3412 curia
2604 3370 2720 3431 per
2747 3348 2907 3410 iram

614 3477 680 3519 se
736 3455 1120 3539 proripienti
1177 3454 1436 3538 quidam
1494 3457 1930 3539 ingesserunt,
1989 3454 2230 3518 licere
2288 3459 2642 3537 oportere
2700 3474 2910 3518 sena-

612 3562 917 3626 toribus
948 3562 1032 3625 de
1060 3584 1137 3626 re
1165 3586 1225 3646 p.
1255 3561 1490 3646 loqui.
1555 3560 1878 3624 Antistius
1907 3559 2122 3625 Labeo
2154 3563 2413 3624 senatus
2440 3560 2734 3643 lectione,
2764 3582 2907 3624 cum

758 3787 787 3834 5
821 3783 985 3850 prius
1013 3784 1071 3836 et
1098 3800 1198 3837 om.
1233 3783 1415 3848 GTN,
1452 3798 1587 3836 eras.
1618 3781 1682 3834 in
1710 3783 1772 3833 H
1778 3780 1822 3834 S
1928 3785 1959 3831 8
1990 3781 2075 3833 est
2102 3798 2203 3834 om.
2237 3782 2289 3833 V
2392 3785 2458 3832 10
2487 3796 2669 3848 neque
2692 3811 2756 3818 -
2780 3796 2911 3833 cau-

617 3878 735 3915 sam
768 3864 864 3916 M1
1019 3869 1083 3916 12
1124 3864 1398 3932 adaperta
1427 3862 1739 3917 Beroaldus
1759 3863 1946 3931 (Roth)
2089 3868 2152 3914 15
2184 3860 2264 3914 sic
2292 3877 2391 3914 om.
2427 3860 2479 3914 G
2615 3859 2910 3913 dubitaue-

613 3944 690 3997 rit
717 3944 784 3997 N
928 3948 991 3995 16
1031 3942 1258 4013 stipem]
1298 3957 1480 3996 assem
1521 3942 1705 4011 Quint.
1746 3944 1872 3996 inst.
1915 3942 2004 3995 VI
2031 3946 2082 4007 3,
2114 3945 2186 3996 59
2223 3946 2273 3994 et
2303 3941 2550 3994 Macrob.
2580 3947 2680 3994 sat.
2712 3941 2790 3993 II
2808 3945 2911 4006 4‚.3

619 4030 684 4077 17
725 4023 1122 4077 submonentes
1152 4023 1228 4075 M
1233 4022 1265 4087 ¹,
1306 4038 1364 4075 se
1390 4024 1653 4074 monente
1683 4021 1749 4075 N
1779 4028 1829 4075 et
1855 4023 1935 4076 sic
1957 4037 2063 4090 pro
2092 4038 2143 4073 u.
2176 4022 2209 4075 l.
2240 4036 2308 4074 ss.
2340 4019 2421 4072 L⁸
2585 4025 2651 4072 18
2689 4021 2909 4090 eodem]

617 4119 680 4156 eo
719 4106 766 4155 'I’
908 4109 973 4157 19
1011 4105 1209 4156 mutua
1238 4103 1285 4156 I.
1310 4101 1377 4155 F.
1404 4101 1637 4156 Gronov.
1787 4107 1855 4153 20
1893 4100 2160 4170 grandior
2196 4100 2312 4163 iam
2348 4102 2486 4153 natu
2526 4117 2558 4159 ς
2596 4101 2696 4169 (ed.
2730 4101 2908 4171 princ.

618 4184 823 4251 Rom),
862 4183 1066 4251 grandi
1093 4182 1209 4236 iam
1237 4183 1438 4235 ornatu
1456 4184 1534 4247 Ω,
1572 4182 1688 4233 iam
1718 4181 1985 4250 grandior
2011 4182 2149 4234 natu
2179 4201 2228 4248 ρ,
2265 4179 2466 4248 grandi
2494 4180 2609 4233 iam
2638 4184 2777 4234 natu
2796 4180 2911 4239 L³3

617 4262 718 4326 (ed.
754 4263 979 4316 Mediol.
1010 4267 1153 4316 1494
1192 4264 1286 4330 al.)
1432 4266 1496 4314 21
1538 4261 1825 4329 quondam
1862 4277 1962 4315 om.
1993 4261 2161 4330 H1Q,
2200 4260 2445 4327 quodam
2478 4261 2707 4315 Goesius
2829 4259 2911 4311 di-

618 4344 855 4395 uexatus
886 4342 1133 4413 Bentley,
1173 4340 1271 4394 diu
1307 4343 1544 4395 uexatus
1584 4339 1816 4396 Damste‘
1984 4341 2294 4394 Cerrinium
2332 4339 2580 4405 Rohden,
2618 4339 2911 4394 terrinium

621 4423 691 4474 M
707 4423 815 4487 VT,
854 4421 1157 4475 terminum
1189 4421 1256 4488 G,
1295 4422 1566 4475 terrinum
1595 4426 1654 4474 X
1789 4425 1854 4473 23
1893 4420 1965 4474 ob
1994 4419 2056 4473 id
2084 4421 2275 4474 inedia
2303 4422 2382 4475 ed.
2414 4421 2632 4474 Bonan.
2672 4438 2721 4472 a.
2746 4423 2910 4486 1488,

618 4502 691 4554 ob
731 4501 978 4555 inediam
1015 4504 1067 4553 ,Ω
