3325 5209
1204 432 1258 486 o,
1301 431 1660 485 CALIGVLA
1700 443 1829 491 [cip.
1862 443 1983 492 1-4]
2610 410 2737 495 163

445 601 672 679 matur,
718 599 792 659 ut
837 596 1113 659 tinctum
1161 616 1409 659 ueneno
1457 595 1607 680 igne
1655 595 1883 659 confici
1929 599 2220 678 nequeat.
2306 595 2469 659 obiit
2507 599 2737 679 autem,
2768 594 2810 659 2

445 708 517 767 ut
564 701 784 786 opinio
831 702 976 782 fuit,
1022 702 1246 765 fraude
1283 701 1518 784 Tiberi,
1567 701 1923 766 ministerio
1972 704 2036 766 et
2076 723 2269 785 opera
2315 700 2426 766 Cn.
2469 702 2740 783 PisoniS‚

446 810 556 892 qui
620 809 738 872 sub
803 808 969 873 idem
1035 813 1293 892 tempus
1360 807 1581 891 Syriae
1644 807 2076 892 praeposituS,
2149 830 2268 873 nec
2332 809 2740 874 dissimulans

384 965 389 971 -
446 915 892 980 offendendum
950 914 1074 980 sibi
1134 919 1247 978 aut
1300 918 1547 998 patrem
1593 920 1706 979 aut
1750 915 1985 994 filium,
2035 916 2216 998 quasi
2263 915 2451 999 plane
2500 916 2592 978 ita
2636 938 2741 987 ne—

392 1047 417 1086 5
447 1044 621 1087 cesse
668 1027 852 1101 esset,
899 1021 1092 1085 etiam
1141 1043 1404 1107 aegrum
1455 1019 1903 1086 Germanicum
1951 1021 2349 1106 grauissimis
2397 1023 2761 1087 uerborum

445 1151 520 1193 ac
565 1151 775 1192 rerum
827 1128 1284 1194 acerbitatibus
1340 1129 1521 1193 nullo
1569 1127 1864 1192 adhibito
1921 1128 2112 1192 modo
2162 1129 2422 1214 adfecit3
2477 1134 2743 1214 propter

446 1258 627 1319 quae,
673 1239 748 1299 ut
791 1234 1067 1299 Romam
1112 1235 1319 1318 rediit,
1366 1256 1566 1318 paene
1614 1234 1968 1318 discerptus
2020 1256 2058 1297 a
2102 1234 2376 1319 populo,
2434 1259 2470 1299 a
2518 1241 2741 1300 senatu

446 1342 674 1426 capitis
731 1342 1065 1406 damnatus
1127 1346 1241 1406 est.
1340 1363 1557 1406 omnes
1608 1338 1990 1405 Germanico
2058 1343 2345 1425 corporis
2412 1342 2734 1426 animique
2766 1339 2809 1405 3

445 1450 738 1532 uirtutes,
786 1452 850 1512 et
895 1452 1166 1532 quantas
1212 1448 1456 1512 nemini
1501 1449 1823 1531 cuiquam,
1872 1448 2221 1532 contigisse
2261 1448 2417 1512 satis
2458 1451 2740 1513 constat:

368 1580 419 1619 ιο
445 1555 715 1619 formam
776 1559 839 1618 et
895 1554 1340 1618 fortitudinem
1388 1555 1741 1639 egregiam,
1798 1555 2129 1639 ingenium
2177 1555 2245 1617 in
2291 1558 2566 1638 utroque
2615 1555 2741 1619 elo-

447 1662 745 1745 quentiae
782 1660 1233 1743 doctrinaeque
1271 1681 1499 1745 genere
1536 1660 1945 1744 praecellenS‚
1986 1661 2485 1726 beniuolentiam
2527 1662 2741 1748 singu-

446 1766 645 1831 larem
694 1766 1254 1850 conciliandaeque
1292 1766 1627 1830 hominum
1666 1767 1911 1852 gratiae
1950 1790 2024 1833 ac
2063 1768 2465 1851 promerendi
2505 1769 2740 1833 amoris

446 1873 681 1936 mirum
738 1878 801 1936 et
855 1874 1084 1937 efficax
1140 1873 1439 1937 studium.
1522 1874 1765 1936 formae
1821 1873 2035 1937 minus
2090 1876 2485 1958 congruebat
2540 1877 2742 1960 graci-

447 1978 595 2043 litas
653 2001 935 2063 crurum,
991 1980 1100 2043 sed
1154 2001 1230 2043 ea
1284 2001 1538 2063 quoque
1594 1979 1903 2062 paulatim
1963 1980 2208 2063 repleta
2271 1980 2530 2045 assidua
2592 1982 2741 2065 equi

370 2111 420 2152 15
448 2087 810 2151 uectatione
870 2089 1020 2170 post
1079 2086 1311 2151 cibum.
1409 2086 1659 2151 hostem
1725 2087 2082 2150 comminus
2153 2110 2343 2170 saepe
2403 2088 2739 2171 percussit.

449 2192 659 2256 orauit
701 2214 920 2257 causas
966 2192 1160 2256 etiam
1208 2192 1643 2278 triumphalis;
1692 2196 1885 2276 atque
1930 2192 2099 2257 inter
2137 2199 2344 2258 cetera
2381 2193 2740 2258 studiorum

446 2299 842 2363 monimenta
901 2299 1167 2382 reliquit
1237 2304 1301 2363 et
1378 2299 1739 2377 comoedias
1814 2298 2101 2364 Graecas,
2213 2301 2390 2365 domi
2455 2301 2742 2384 forisque

447 2405 677 2489 ciuilis,
714 2406 915 2471 libera
951 2428 1026 2471 ac
1061 2406 1391 2471 foederata
1427 2405 1664 2491 oppida
1703 2407 1839 2471 sine
1875 2407 2214 2471 lictoribus
2253 2404 2483 2471 a'dibat.
2533 2408 2740 2472 sicubi

447 2511 762 2577 clarorum
820 2515 1109 2578 uirorum
1158 2513 1451 2598 sepulcra
1496 2518 1937 2598 cognosceret,
1986 2513 2245 2577 inferias
2293 2513 2589 2578 Manibus
2637 2514 2741 2578 da-

368 2644 419 2683 20
446 2619 573 2682 bat.
659 2640 988 2683 caesorum
1046 2620 1221 2684 clade
1276 2619 1557 2684 Variana
1616 2625 1864 2683 ueteres
1928 2642 1999 2683 ac
2058 2619 2376 2703 dispersas
2435 2620 2740 2703 reliquias

447 2745 576 2788 uno
643 2726 892 2789 tumulo
956 2726 1367 2808 humaturus,
1431 2725 1732 2810 colligere
1797 2747 1914 2789 sua
1966 2747 2160 2790 manu
2219 2731 2282 2790 et
2341 2732 2740 2810 comportare

448 2831 696 2913 primus
749 2831 1086 2916 adgressus
1144 2835 1256 2897 est.
1351 2831 1892 2897 obtrectatoribus
1959 2833 2179 2913 etiam,
2240 2833 2740 2917 qualescumque

449 2942 513 3001 et
572 2940 1083 3021 quantacumque
1147 2939 1224 3003 de
1287 2961 1475 3004 causa
1531 2944 1804 3003 nanctus
1860 2943 2045 3022 esset,
2106 2939 2266 3002 lenis
2324 2940 2481 3004 adeo
2539 2944 2602 3004 et
2648 2940 2741 3004 in-

445 3043 678 3108 noxius
687 3095 704 3127 ,
769 3048 843 3107 ut
897 3044 1118 3109 Pisoni
1184 3046 1456 3110 decreta*
1497 3067 1611 3110 sua
1676 3045 2091 3129 rescindenti‚
2156 3045 2485 3111 clientelas
2547 3047 2741 3131 di[u]-.

369 3177 418 3217 25
446 3150 706 3215 uexanti
771 3173 902 3216 non
966 3151 1143 3234 prius
1210 3175 1572 3217 suscensere
1637 3153 1706 3214 in
1771 3153 2056 3217 animum
2121 3153 2471 3238 induxerit,
2546 3177 2740 3237 quam

447 3257 771 3321 ueneficiis
827 3280 1083 3342 quoque
1140 3263 1203 3323 et
1260 3259 1711 3324 deuotionibus
1768 3259 2133 3344 impugnari
2182 3281 2248 3323 se
2296 3262 2739 3344 comperisset3

448 3385 522 3428 ac
574 3386 654 3428 ne
709 3368 866 3429 tunc
920 3365 1176 3448 quidem
1233 3365 1402 3430 ultra
1455 3386 1861 3451 progressuS,
1915 3388 2106 3449 quam
2164 3350 2239 3431 ut
2287 3368 2633 3431 amicitiam
2681 3369 2739 3430 ei

445 3492 622 3534 more
667 3473 980 3536 maiorum
1033 3474 1429 3537 renuntiaret
1484 3472 1942 3555 mandaretque
1987 3472 2358 3538 domesticis
2404 3472 2738 3558 ultionem,

2779 2210 2810 2257 2

447 3578 502 3641 si
549 3578 700 3661 quid
749 3578 872 3643 sibi
919 3579 1245 3643 accideret.
1329 3601 1597 3663 quarum
1644 3578 1960 3642 uirtutum
2012 3579 2292 3643 fructum
2341 3580 2732 3646 uberrimum
2764 3578 2812 3643 4

367 3711 419 3750 30
444 3683 616 3768 tulit,
662 3687 753 3750 sic
799 3685 1107 3769 probatus
1157 3690 1221 3749 et
1267 3685 1535 3750 dilectus
1585 3707 1622 3748 a
1669 3686 1819 3768 suis,
1869 3688 1944 3748 ut
1989 3684 2324 3771 Augustus
2374 3724 2456 3732 —
2508 3688 2737 3753 omitto

589 3918 620 3966 5
662 3916 838 3966 ettam
864 3932 931 3967 *ιιι
963 3914 1047 3979 Μ,
1088 3916 1267 3968 ettam
1298 3913 1376 3967 6¹
1412 3920 1538 3967 teste
1563 3931 1599 3982 9
1634 3913 1830 3982 (etiam
1870 3913 1964 3979 6⁸,
2005 3914 2024 3966 i
2062 3916 2124 3967 in
2153 3916 2304 3984 raa),
2344 3918 2402 3969 et
2437 3918 2556 3969 tam
2593 3921 2644 3969 et
2667 3933 2735 3970 ss.

444 3992 477 4045 i
514 3993 687 4046 etiam
715 3994 785 4058 R,
822 3994 942 4046 tam
971 3997 1022 4060 ὃ,
1052 3997 1111 4047 et
1137 3994 1253 4047 iam
1281 3994 1529 4063 Bentley,
1557 3994 1673 4046 iam
1701 3995 2112 4048 Preud’homme
2242 3999 2271 4047 7
2311 3996 2480 4065 quae]
2510 3996 2660 4063 quod
2693 4000 2741 4049 Τ

447 4078 480 4125 8
516 4073 836 4141 germanico
868 4072 989 4142 HQ,
1026 4073 1333 4143 germanici
1360 4076 1453 4128 rel.
1484 4075 1577 4142 (Ω)
1702 4074 1998 4145 animeque
2026 4079 2086 4128 X
2116 4077 2167 4146 (e
2195 4076 2258 4127 in
2288 4076 2341 4128 L
2377 4092 2511 4129 corr.
2551 4093 2617 4129 ex
2644 4076 2736 4147 o?)

447 4158 477 4205 9
518 4152 803 4224 cuiquam]
840 4169 1090 4220 unquam
1132 4154 1184 4207 G
1314 4181 1318 4184 ⁴
1348 4158 1412 4205 10
1449 4153 1849 4222 ingeniumque
1885 4155 1944 4220 V,
1992 4155 2218 4223 ingenio
2261 4156 2314 4208 L
2478 4161 2544 4209 14
2583 4157 2738 4223 equi-

444 4232 661 4286 tatione
706 4234 794 4286 wel
831 4249 974 4299 equo
1010 4236 1162 4286 uect-
1194 4234 1425 4303 Bentley
1570 4240 1634 4287 15
1674 4249 1843 4302 saepe
1890 4235 2198 4288 comminus
2241 4235 2291 4289 G
2439 4241 2503 4289 16
2542 4236 2737 4289 trium-

445 4312 642 4382 phales
676 4312 726 4366 G-
763 4314 964 4382 (Torr.)
1093 4319 1159 4365 20
1196 4315 1388 4381 putres
1428 4314 1601 4367 Polak
1729 4319 1796 4367 22
1836 4313 2261 4383 qualiscumque
2292 4316 2404 4368 HR
2531 4322 2598 4369 24
2638 4333 2740 4368 sua

444 4394 527 4465 re]
566 4394 654 4447 hic
688 4393 869 4459 deficit
903 4394 1016 4446 cod.
1059 4394 1112 4447 V
1248 4392 1534 4447 diuexanti
1585 4395 1737 4448 Torr.
1904 4400 1970 4447 25
2009 4411 2329 4449 suscensere
2361 4398 2435 4449 M
2441 4397 2576 4464 1:¹8,
2616 4413 2737 4448 suc-

446 4489 668 4527 censere
692 4471 1037 4541 GH²L²PT‚
1059 4489 1372 4527 successere
1397 4476 1444 4525 Τ
1585 4479 1652 4526 26
1681 4474 1968 4532 ueneficiis
1994 4475 2193 4545 1191),
2223 4475 2508 4529 beneficiis
2528 4477 2619 4529 rel.
2642 4478 2735 4544 (Ω)

447 4559 513 4605 30
549 4554 637 4625 ut]
678 4557 735 4607 et
765 4555 840 4608 M

2207 4643 2309 4696 11*
