3325 5209
1181 418 1635 474 DOMITIANVS
1676 431 1806 481 [off.
1839 432 1959 482 7.—-9]
2586 422 2713 486 341

423 604 506 646 ex
552 586 832 666 utroque
880 583 1103 658 ordine
1140 583 1282 669 lege
1321 582 1652 648 Scantinia
1690 584 2169 669 condemnauit3
2214 586 2458 650 incesta
2495 585 2720 650 Vesta-

425 689 587 754 lium
636 691 989 776 uirginum,
1049 713 1086 754 a
1132 693 1313 775 patre
1361 713 1617 775 quoque
1666 713 1782 756 suo
1830 695 1895 756 et
1940 691 2138 755 fratre
2184 694 2496 778 neglecta,
2542 693 2718 757 uarie

426 818 499 861 ac
547 819 766 870 seuere
813 798 1112 881 coercuit,
1166 799 1385 882 priora
1431 798 1694 882 capitali
1742 798 2086 882 supplicio,
2140 800 2499 883 posteriora
2541 821 2720 865 more

427 904 647 968 ueteri.
712 927 862 968 nam
911 926 1057 969 cum
1098 902 1385 970 Oculatis
1425 905 1772 988 sororibus,
1809 906 1965 969 item
2005 905 2409 970 Varronillae
2447 905 2720 970 liberum
2758 924 2790 970 4

372 1035 398 1075 5
427 1012 653 1076 mortis
700 1012 1096 1095 permisisset
1143 1004 1486 1076 arbitrium
1527 1016 2064 1096 corruptoresque
2102 1035 2322 1078 earum
2358 1014 2720 1096 relegasset,

428 1139 580 1181 mox
609 1117 969 1183 Corneliam
1006 1118 1354 1182 maximam
1393 1119 1712 1204 uirginem
1742 1119 2105 1184 absolutam
2135 1118 2311 1203 olim,
2349 1119 2495 1184 dein
2522 1121 2720 1205 longo

425 1224 768 1289 interuallo
817 1225 1157 1309 repetitam
1205 1229 1397 1309 atque
1436 1227 1797 1290 conuictam
1838 1225 2053 1291 defodi
2092 1227 2434 1310 imperauit
2472 1230 2719 1310 stupra-

425 1336 726 1416 toresque
770 1333 974 1418 uirgis
1022 1332 1089 1395 in
1137 1334 1400 1397 comitio
1450 1333 1530 1396 ad
1574 1354 1794 1397 necem
1841 1333 2036 1416 caedi,
2083 1338 2351 1417 excepto
2399 1334 2722 1418 praetorio

425 1440 596 1523 uiro,
658 1438 788 1521 cui,
857 1438 1050 1503 dubia
1107 1441 1295 1504 etiam
1353 1444 1492 1504 tum
1550 1461 1742 1504 causa
1797 1444 1862 1503 et
1917 1441 2175 1504 incertis
2235 1440 2721 1524 quaestionibus

346 1570 399 1610 ιο
427 1549 621 1629 atque
676 1547 1015 1611 tormentis
1072 1547 1149 1611 de
1205 1551 1406 1611 semet
1460 1547 1781 1630 professo,
1836 1547 2100 1611 exilium
2147 1548 2432 1612 indulsit.
2526 1567 2598 1640 ac
2641 1527 2793 1612 ne'5

427 1675 555 1738 qua
599 1653 828 1736 religio
878 1652 1066 1717 deum
1104 1653 1367 1736 impune
1405 1653 1970 1736 contaminaretur,
2015 1655 2502 1738 monimentum,
2550 1655 2722 1737 quod

425 1760 694 1824 libertus
760 1759 897 1823 eius
959 1781 992 1823 e
1053 1759 1377 1843 lapidibus
1437 1760 1682 1844 templo
1745 1759 2092 1843 Capitolini
2152 1760 2328 1826 Iouis
2388 1761 2722 1825 destinatis

424 1868 563 1931 filio
620 1870 1014 1951 extruxerat,
1073 1865 1270 1930 diruit
1323 1888 1438 1951 per
1493 1867 1731 1931 milites
1780 1889 2050 1950 ossaque
2072 1886 2075 1891 ·
2097 1872 2162 1932 et
2206 1868 2512 1951 reliquias
2561 1850 2723 1951 quae

426 1975 680 2037 inerant
725 1974 886 2037 mari
932 1974 1171 2037 mersit.

347 2104 398 2144 15
606 2083 783 2143 Inter
828 2080 1015 2144 initia
1052 2101 1254 2163 usque
1291 2080 1449 2145 adeo
1488 2080 1569 2143 ab
1609 2082 1785 2145 omni
1824 2080 2012 2145 caede
2049 2081 2455 2164 abhorrebat,
2502 2085 2575 2145 ut
2612 2080 2718 2145 ab·
2748 2082 2794 2145 9

428 2191 605 2251 sente
648 2187 858 2251 adhuc
894 2191 1076 2270 patre
1113 2188 1483 2252 recordatus
1514 2186 1848 2272 Vergili[i]
1880 2210 2136 2252 uersum
2172 2189 2409 2270 <9e0r9.
2437 2194 2499 2266 2,
2529 2189 2721 2271 538>2

605 2312 836 2397 impia
883 2333 1102 2395 quam
1151 2313 1391 2377 caesis
1439 2334 1621 2398 gens
1670 2316 1785 2377 est
1831 2313 2143 2395 epulata
2188 2312 2544 2376 iuuencis

427 2437 671 2502 edicere
727 2437 1091 2521 destinarit,
1144 2460 1225 2501 ne
1281 2437 1483 2501 boues
1538 2437 2044 2501 immolarentur.
2138 2436 2511 2519 cupiditatis
2569 2458 2724 2520 quo-

428 2565 552 2626 que
607 2548 797 2628 atque
853 2544 1161 2607 auaritiae
1208 2542 1321 2607 uix
1367 2542 1800 2627 suspicionem
1847 2544 2047 2607 ullam
2094 2546 2206 2606 aut
2250 2543 2541 2625 priuatus
2587 2565 2722 2607 um-

347 2675 400 2713 20
429 2673 623 2734 quam
670 2655 780 2715 aut
826 2652 1125 2734 princeps
1173 2650 1568 2734 aliquamdiu
1615 2651 1810 2733 dedit,
1865 2650 2060 2714 immo
2109 2672 2142 2713 e
2190 2650 2443 2715 diuerso
2492 2672 2724 2736 magna

430 2779 620 2841 saepe
675 2780 799 2822 non
861 2757 1286 2822 abstinentiae
1341 2759 1532 2821 modo
1595 2758 1707 2821 sed
1764 2758 1958 2821 etiam
2013 2756 2422 2821 liberalitatis
2480 2757 2722 2840 experi-

429 2868 661 2929 menta.
756 2865 963 2928 omnis
1013 2865 1182 2928 circa
1228 2886 1296 2928 se
1342 2862 1702 2950 largissime
1748 2861 2126 2947 prosecutus
2171 2863 2336 2927 nihil
2383 2864 2563 2947 prius
2611 2868 2722 2927 aut
2761 2884 2792 2929 2

429 2971 640 3037 acrius
697 2971 948 3035 monuit
1005 2994 1198 3055 quam
1253 2992 1333 3034 ne
1390 2971 1546 3054 quid
1602 2971 1856 3035 sordide
1901 2971 2204 3035 facerent.
2296 2969 2550 3035 relictas
2600 2970 2723 3034 sibi

428 3079 815 3144 hereditates
863 3078 944 3142 ab
991 3079 1101 3162 iis,
1150 3078 1384 3161 quibus
1432 3078 1619 3142 liberi
1667 3081 1864 3162 erant,
1910 3099 2042 3141 non
2088 3077 2344 3160 recepit.
2436 3077 2722 3161 legatum

348 3208 399 3248 25
430 3182 630 3250 etiam
663 3208 740 3250 ex
778 3189 1164 3249 testamento
1205 3184 1395 3249 Rusti
1424 3183 1782 3268 CaepioniS,
1822 3186 1932 3268 qui
1971 3188 2228 3249 cauerat
2265 3187 2338 3247 ut
2378 3184 2724 3268 quotannis

431 3292 940 3379 ingredientibus
1017 3294 1259 3357 curiam
1326 3291 1728 3356 senatoribus
1795 3296 2029 3356 certam
2096 3314 2409 3355 summam
2476 3293 2724 3356 uiritim

573 3456 654 3505 15.
679 3456 745 3505 18
768 3451 856 3520 (ef.
877 3468 931 3519 p.
954 3456 1076 3517 342,
1095 3452 1183 3518 11)
1212 3451 1446 3518 Eutrop.
1478 3450 1597 3504 VII
1611 3454 1705 3515 23,
1725 3455 1755 3502 1
1777 3449 1973 3518 primis
1991 3453 2183 3503 tamen
2212 3450 2372 3502 annis
2402 3450 2723 3503 moderatus

2094 3530 2104 3541 ο
2155 3530 2166 3541 0
2216 3529 2227 3541 ο
2278 3530 2288 3541 ο

425 3611 794 3679 crudelitatis,
834 3611 1111 3664 auaritiae
1138 3613 1362 3663 tantum
1396 3610 1457 3662 in
1495 3626 1554 3663 se
1592 3610 1711 3663 odii
1749 3611 2075 3676 concitauit,
2111 3613 2175 3663 ut
2212 3610 2414 3663 merita
2451 3613 2509 3663 et
2545 3610 2723 3678 patris

427 3695 485 3746 et
530 3691 722 3745 fratris
770 3690 1021 3745 aboleret
1067 3692 1157 3759 (ef.
1190 3691 1353 3744 Dom.
1383 3692 1455 3759 3).
1542 3691 1725 3745 Victor
1755 3691 1902 3744 Cae-3.
1936 3696 2022 3756 11,
2052 3694 2086 3743 3
2133 3690 2311 3759 primo
2367 3689 2723 3743 clementiam

427 3772 695 3826 simulans
723 3773 870 3840 (item
900 3772 1053 3840 Epit.
1079 3777 1163 3837 11,
1181 3772 1255 3839 2).
1286 3775 1372 3836 11,
1402 3776 1432 3823 1
1464 3771 1702 3839 praedas
1732 3771 1960 3824 caede‘m
1989 3770 2265 3839 supplicia
2294 3788 2458 3840 agere
2488 3769 2721 3838 occepit.

574 3922 600 3968 1
645 3905 930 3969 scantinia
972 3914 1022 3968 G
1076 3908 1421 3982 (Sabellicus‘,
1477 3912 1717 3967 scatinia
1764 3916 1842 3982 ς),
1911 3913 2159 3966 cantinia
2217 3913 2459 3983 MQLS,
2515 3912 2726 3966 catinia

428 3995 702 4051 HRPOT
814 4002 845 4049 2
886 4012 983 4049 suo
1013 4012 1111 4049 om.
1149 3996 1200 4049 (ἶ
1308 4000 1339 4047 3
1379 3996 1439 4047 at
1469 3994 1698 4064 Bentley
1817 3993 2056 4062 supplici
2087 3996 2163 4048 M
2264 4000 2298 4046 4
2336 3993 2546 4046 oculati
2584 3994 2724 4060 (osc-

426 4076 512 4145 8¹)
542 4081 610 4142 X,
650 4075 916 4130 Ocellatis
945 4076 1256 4130 Beroaldus
1290 4108 1293 4112 ι
1362 4074 1671 4128 ueronillae
1704 4075 1773 4131 G,
1863 4080 1894 4126 6
1932 4074 2211 4143 uirginem
2248 4074 2551 4126 maximam
2593 4076 2641 4125 Τ

426 4156 563 4210 olim
591 4172 690 4210 om.
728 4159 777 4209 Τ
926 4156 1128 4209 deinde
1156 4161 1214 4209 X
1214 4155 1336 4226 9²6,
1369 4155 1571 4209 dehinc
1600 4158 1661 4208 H
1691 4156 1883 4225 (uuly.)
2031 4162 2058 4208 7
2100 4155 2293 4225 atque]
2322 4171 2501 4222 neque
2532 4154 2725 4207 Duker

425 4239 544 4291 coll.
575 4238 725 4292 Ptin.
755 4238 907 4305 epist.
938 4237 1035 4289 IV
1059 4241 1126 4290 11
1239 4241 1302 4288 17
1342 4235 1535 4304 inopia
1565 4237 1636 4289 M
1754 4241 1819 4288 18
1858 4236 2105 4289 ediscere
2136 4237 2210 4289 M
2331 4234 2627 4288 destinarit
2653 4238 2720 4299 X,

427 4317 736 4372 destinauit
775 4317 1042 4383 ΜΘΝῙδ,
1081 4316 1448 4370 destinauerit
1490 4315 1623 4369 TN²
1786 4321 1853 4368 20
1901 4334 1930 4369 e
1970 4316 2214 4386 diuerso]
2256 4315 2474 4369 diuerso
2515 4317 2618 4386 (-se
2648 4315 2719 4382 P)

428 4398 662 4465 MLP3‚
701 4398 871 4451 etiam
900 4399 976 4464 N,
1008 4397 1108 4451 del.
1138 4397 1366 4451 Ernesti
1505 4414 1716 4465 magna
1744 4398 1865 4463 Ma,
1894 4414 2133 4466 magnae
2160 4398 2252 4450 rel.
2285 4397 2419 4450 etN
2522 4401 2585 4447 21
2627 4411 2719 4447 ex-

426 4479 741 4548 perimento
771 4479 891 4531 XN
1038 4484 1104 4531 25
1144 4478 1289 4533 rusci
1318 4480 1388 4545 Ω,
1427 4477 1589 4530 Rusti
1626 4479 1772 4545 quod
1810 4478 2040 4543 affertur
2067 4495 2134 4531 ex
2163 4496 2211 4543 ς,
2245 4478 2533 4544 postulant
2568 4475 2721 4529 tituli

428 4563 526 4630 (sic
563 4562 677 4614 iam
721 4560 873 4612 Torr.
912 4566 964 4613 et
989 4560 1208 4627 Burm.)
