<?xml version="1.0" encoding="UTF-8"?>
<!DOCTYPE html PUBLIC "-//W3C//DTD XHTML 1.0 Transitional//EN"
    "http://www.w3.org/TR/xhtml1/DTD/xhtml1-transitional.dtd">
<html xmlns="http://www.w3.org/1999/xhtml" xml:lang="en" lang="en">
 <head>
  <title>
</title>
<meta http-equiv="Content-Type" content="text/html;charset=utf-8" />
  <meta name='ocr-system' content='tesseract 3.04.00' />
  <meta name='ocr-capabilities' content='ocr_page ocr_carea ocr_par ocr_line ocrx_word'/>
</head>
<body>
  <div class='ocr_page' id='page_1' title='image "./csvetonitranqui00unkngoog_0347.png"; bbox 0 0 3325 5209; ppageno 0'>
   <div class='ocr_carea' id='block_1_1' title="bbox 1301 400 2738 470">
    <p class='ocr_par' dir='ltr' id='par_1_1' title="bbox 1301 400 2738 470">
     <span class='ocr_line' id='line_1_1' title="bbox 1301 400 2738 470; baseline 0.008 -12"><span class='ocrx_word' id='word_1_1' title='bbox 1301 406 1501 461; x_wconf 84' lang='lat' dir='ltr'>NERO</span> <span class='ocrx_word' id='word_1_2' title='bbox 1541 418 1672 467; x_wconf 55' lang='lat' dir='ltr'><strong>[cir.</strong></span> <span class='ocrx_word' id='word_1_3' title='bbox 1703 400 1878 467; x_wconf 67' lang='lat' dir='ltr'><strong>:so—56]</strong></span> <span class='ocrx_word' id='word_1_4' title='bbox 2605 402 2738 470; x_wconf 79' lang='lat'><strong>269</strong></span> 
     </span>
    </p>
   </div>
   <div class='ocr_carea' id='block_1_2' title="bbox 356 563 2846 3541">
    <p class='ocr_par' dir='ltr' id='par_1_2' title="bbox 436 563 2738 740">
     <span class='ocr_line' id='line_1_2' title="bbox 436 563 2738 656; baseline 0 -23"><span class='ocrx_word' id='word_1_5' title='bbox 436 573 597 634; x_wconf 86' lang='lat' dir='ltr'><strong>rant.</strong></span> <span class='ocrx_word' id='word_1_6' title='bbox 683 571 913 634; x_wconf 86' lang='lat' dir='ltr'><strong>habuit</strong></span> <span class='ocrx_word' id='word_1_7' title='bbox 958 574 1022 634; x_wconf 90' lang='lat' dir='ltr'><strong>et</strong></span> <span class='ocrx_word' id='word_1_8' title='bbox 1068 571 1375 656; x_wconf 91' lang='lat' dir='ltr'><strong>pingendi</strong></span> <span class='ocrx_word' id='word_1_9' title='bbox 1422 570 1838 656; x_wconf 86' lang='lat' dir='ltr'><strong>fingendique</strong></span> <span class='ocrx_word' id='word_1_10' title='bbox 1879 566 2211 656; x_wconf 89' lang='lat' dir='ltr'><strong>[maxime]</strong></span> <span class='ocrx_word' id='word_1_11' title='bbox 2251 591 2383 634; x_wconf 93' lang='lat' dir='ltr'><strong>non</strong></span> <span class='ocrx_word' id='word_1_12' title='bbox 2419 563 2738 633; x_wconf 80' lang='lat' dir='ltr'><strong>mediocre</strong></span> 
     </span>
     <span class='ocr_line' id='line_1_3' title="bbox 438 675 736 740; baseline 0.003 -1"><span class='ocrx_word' id='word_1_13' title='bbox 438 675 736 740; x_wconf 87' lang='lat' dir='ltr'><strong>studium.</strong></span> 
     </span>
    </p>

    <p class='ocr_par' dir='ltr' id='par_1_3' title="bbox 436 782 2845 1510">
     <span class='ocr_line' id='line_1_4' title="bbox 614 782 2845 868; baseline 0 -21"><span class='ocrx_word' id='word_1_14' title='bbox 614 783 894 848; x_wconf 83' lang='lat' dir='ltr'><strong>Maxime</strong></span> <span class='ocrx_word' id='word_1_15' title='bbox 941 789 1154 849; x_wconf 91' lang='lat' dir='ltr'><strong>autem</strong></span> <span class='ocrx_word' id='word_1_16' title='bbox 1194 784 1625 868; x_wconf 73' lang='lat' dir='ltr'><strong>popularitate</strong></span> <span class='ocrx_word' id='word_1_17' title='bbox 1666 785 2059 867; x_wconf 87' lang='lat' dir='ltr'><strong>efferebatur,</strong></span> <span class='ocrx_word' id='word_1_18' title='bbox 2100 785 2385 849; x_wconf 90' lang='lat' dir='ltr'><strong>omnium</strong></span> <span class='ocrx_word' id='word_1_19' title='bbox 2424 785 2731 867; x_wconf 84' lang='lat' dir='ltr'><strong>aemulus,</strong></span> <span class='ocrx_word' id='word_1_20' title='bbox 2750 782 2845 848; x_wconf 82' lang='lat'><strong>53</strong></span> 
     </span>
     <span class='ocr_line' id='line_1_5' title="bbox 438 891 2732 977; baseline 0.001 -25"><span class='ocrx_word' id='word_1_21' title='bbox 438 891 550 972; x_wconf 92' lang='lat' dir='ltr'><strong>qui</strong></span> <span class='ocrx_word' id='word_1_22' title='bbox 596 913 857 974; x_wconf 91' lang='lat' dir='ltr'><strong>quoquo</strong></span> <span class='ocrx_word' id='word_1_23' title='bbox 905 892 1097 957; x_wconf 91' lang='lat' dir='ltr'><strong>modo</strong></span> <span class='ocrx_word' id='word_1_24' title='bbox 1146 891 1431 955; x_wconf 92' lang='lat' dir='ltr'><strong>animum</strong></span> <span class='ocrx_word' id='word_1_25' title='bbox 1477 892 1661 977; x_wconf 85' lang='lat' dir='ltr'><strong>uulgi</strong></span> <span class='ocrx_word' id='word_1_26' title='bbox 1698 895 2047 956; x_wconf 88' lang='lat' dir='ltr'><strong>mouerent.</strong></span> <span class='ocrx_word' id='word_1_27' title='bbox 2133 892 2288 955; x_wconf 87' lang='lat' dir='ltr'><strong>exiit</strong></span> <span class='ocrx_word' id='word_1_28' title='bbox 2327 892 2544 975; x_wconf 92' lang='lat' dir='ltr'><strong>opinio</strong></span> <span class='ocrx_word' id='word_1_29' title='bbox 2584 895 2732 974; x_wconf 88' lang='lat' dir='ltr'><strong>post</strong></span> 
     </span>
     <span class='ocr_line' id='line_1_6' title="bbox 440 996 2740 1081; baseline 0 -22"><span class='ocrx_word' id='word_1_30' title='bbox 440 998 761 1062; x_wconf 88' lang='lat' dir='ltr'><strong>scaenicas</strong></span> <span class='ocrx_word' id='word_1_31' title='bbox 810 1020 1077 1063; x_wconf 90' lang='lat' dir='ltr'><strong>coronas</strong></span> <span class='ocrx_word' id='word_1_32' title='bbox 1125 999 1422 1081; x_wconf 83' lang='lat' dir='ltr'><strong>proximo</strong></span> <span class='ocrx_word' id='word_1_33' title='bbox 1470 996 1677 1063; x_wconf 84' lang='lat' dir='ltr'><strong>lustro</strong></span> <span class='ocrx_word' id='word_1_34' title='bbox 1728 998 2180 1062; x_wconf 89' lang='lat' dir='ltr'><strong>descensurum</strong></span> <span class='ocrx_word' id='word_1_35' title='bbox 2220 1019 2365 1061; x_wconf 91' lang='lat' dir='ltr'><strong>eum</strong></span> <span class='ocrx_word' id='word_1_36' title='bbox 2405 998 2485 1061; x_wconf 91' lang='lat' dir='ltr'><strong>ad</strong></span> <span class='ocrx_word' id='word_1_37' title='bbox 2522 996 2740 1081; x_wconf 67' lang='lat' dir='ltr'><strong>Olym;</strong></span> 
     </span>
     <span class='ocr_line' id='line_1_7' title="bbox 436 1101 2740 1190; baseline 0 -23"><span class='ocrx_word' id='word_1_38' title='bbox 436 1101 668 1190; x_wconf 90' lang='lat' dir='ltr'><strong>pia[m]</strong></span> <span class='ocrx_word' id='word_1_39' title='bbox 728 1106 897 1171; x_wconf 88' lang='lat' dir='ltr'><strong>inter</strong></span> <span class='ocrx_word' id='word_1_40' title='bbox 956 1105 1258 1190; x_wconf 83' lang='lat' dir='ltr'><strong>athletas3</strong></span> <span class='ocrx_word' id='word_1_41' title='bbox 1316 1127 1466 1168; x_wconf 92' lang='lat' dir='ltr'><strong>nam</strong></span> <span class='ocrx_word' id='word_1_42' title='bbox 1529 1109 1593 1168; x_wconf 92' lang='lat' dir='ltr'><strong>et</strong></span> <span class='ocrx_word' id='word_1_43' title='bbox 1650 1104 2018 1168; x_wconf 88' lang='lat' dir='ltr'><strong>luctabatur</strong></span> <span class='ocrx_word' id='word_1_44' title='bbox 2074 1104 2326 1169; x_wconf 83' lang='lat' dir='ltr'><strong>assidue</strong></span> <span class='ocrx_word' id='word_1_45' title='bbox 2381 1127 2498 1169; x_wconf 92' lang='lat' dir='ltr'><strong>nec</strong></span> <span class='ocrx_word' id='word_1_46' title='bbox 2554 1104 2740 1168; x_wconf 89' lang='lat' dir='ltr'><strong>aliter</strong></span> 
     </span>
     <span class='ocr_line' id='line_1_8' title="bbox 439 1210 2739 1298; baseline 0.001 -25"><span class='ocrx_word' id='word_1_47' title='bbox 439 1212 791 1275; x_wconf 87' lang='lat' dir='ltr'><strong>certamina</strong></span> <span class='ocrx_word' id='word_1_48' title='bbox 822 1212 1145 1298; x_wconf 73' lang='lat' dir='ltr'><strong>vgymnica</strong></span> <span class='ocrx_word' id='word_1_49' title='bbox 1199 1216 1338 1277; x_wconf 92' lang='lat' dir='ltr'><strong>tota</strong></span> <span class='ocrx_word' id='word_1_50' title='bbox 1396 1210 1661 1277; x_wconf 81' lang='lat' dir='ltr'><strong>Graecia</strong></span> <span class='ocrx_word' id='word_1_51' title='bbox 1718 1215 2122 1296; x_wconf 89' lang='lat' dir='ltr'><strong>spectauerat</strong></span> <span class='ocrx_word' id='word_1_52' title='bbox 2168 1233 2360 1295; x_wconf 89' lang='lat' dir='ltr'><strong>quam</strong></span> <span class='ocrx_word' id='word_1_53' title='bbox 2408 1211 2739 1275; x_wconf 89' lang='lat' dir='ltr'><strong>brabeuta-</strong></span> 
     </span>
     <span class='ocr_line' id='line_1_9' title="bbox 437 1318 2739 1402; baseline -0.001 -20"><span class='ocrx_word' id='word_1_54' title='bbox 437 1341 581 1382; x_wconf 89' lang='lat' dir='ltr'><strong>rum</strong></span> <span class='ocrx_word' id='word_1_55' title='bbox 639 1341 817 1383; x_wconf 91' lang='lat' dir='ltr'><strong>more</strong></span> <span class='ocrx_word' id='word_1_56' title='bbox 875 1320 941 1383; x_wconf 96' lang='lat' dir='ltr'><strong>in</strong></span> <span class='ocrx_word' id='word_1_57' title='bbox 999 1319 1205 1384; x_wconf 90' lang='lat' dir='ltr'><strong>stadio</strong></span> <span class='ocrx_word' id='word_1_58' title='bbox 1261 1319 1443 1383; x_wconf 91' lang='lat' dir='ltr'><strong>humi</strong></span> <span class='ocrx_word' id='word_1_59' title='bbox 1490 1319 1774 1384; x_wconf 80' lang='lat' dir='ltr'><strong>assidens</strong></span> <span class='ocrx_word' id='word_1_60' title='bbox 1836 1340 1935 1401; x_wconf 89' lang='lat' dir='ltr'><strong>ac,</strong></span> <span class='ocrx_word' id='word_1_61' title='bbox 1984 1319 2038 1383; x_wconf 90' lang='lat' dir='ltr'><strong>si</strong></span> <span class='ocrx_word' id='word_1_62' title='bbox 2087 1341 2212 1401; x_wconf 91' lang='lat' dir='ltr'><strong>qua</strong></span> <span class='ocrx_word' id='word_1_63' title='bbox 2256 1319 2437 1401; x_wconf 89' lang='lat' dir='ltr'><strong>paria</strong></span> <span class='ocrx_word' id='word_1_64' title='bbox 2479 1318 2739 1402; x_wconf 87' lang='lat' dir='ltr'><strong>longius</strong></span> 
     </span>
     <span class='ocr_line' id='line_1_10' title="bbox 440 1425 2740 1510; baseline -0.001 -20"><span class='ocrx_word' id='word_1_65' title='bbox 440 1448 509 1490; x_wconf 89' lang='lat' dir='ltr'><strong>re</strong></span> <span class='ocrx_word' id='word_1_66' title='bbox 520 1427 873 1503; x_wconf 87' lang='lat' dir='ltr'><strong>cessissent,</strong></span> <span class='ocrx_word' id='word_1_67' title='bbox 912 1428 982 1491; x_wconf 91' lang='lat' dir='ltr'><strong>in</strong></span> <span class='ocrx_word' id='word_1_68' title='bbox 1008 1427 1289 1490; x_wconf 91' lang='lat' dir='ltr'><strong>medium</strong></span> <span class='ocrx_word' id='word_1_69' title='bbox 1332 1428 1627 1491; x_wconf 91' lang='lat' dir='ltr'><strong>manibus</strong></span> <span class='ocrx_word' id='word_1_70' title='bbox 1668 1427 1800 1490; x_wconf 82' lang='lat' dir='ltr'><strong>suis</strong></span> <span class='ocrx_word' id='word_1_71' title='bbox 1837 1428 2233 1510; x_wconf 89' lang='lat' dir='ltr'><strong>protrahens.</strong></span> <span class='ocrx_word' id='word_1_72' title='bbox 2308 1425 2740 1489; x_wconf 89' lang='lat' dir='ltr'><strong>destinauerat</strong></span> 
     </span>
    </p>

    <p class='ocr_par' dir='ltr' id='par_1_4' title="bbox 357 1531 2846 2045">
     <span class='ocr_line' id='line_1_11' title="bbox 357 1531 2739 1618; baseline -0 -22"><span class='ocrx_word' id='word_1_73' title='bbox 357 1572 411 1610; x_wconf 74' lang='lat'><strong>10</strong></span> <span class='ocrx_word' id='word_1_74' title='bbox 438 1533 660 1617; x_wconf 90' lang='lat' dir='ltr'><strong>etiam,</strong></span> <span class='ocrx_word' id='word_1_75' title='bbox 717 1534 868 1616; x_wconf 93' lang='lat' dir='ltr'><strong>quia</strong></span> <span class='ocrx_word' id='word_1_76' title='bbox 923 1531 1294 1615; x_wconf 89' lang='lat' dir='ltr'><strong>Apollinem</strong></span> <span class='ocrx_word' id='word_1_77' title='bbox 1353 1539 1570 1616; x_wconf 89' lang='lat' dir='ltr'><strong>cantu,</strong></span> <span class='ocrx_word' id='word_1_78' title='bbox 1636 1531 1854 1596; x_wconf 84' lang='lat' dir='ltr'><strong>Solem</strong></span> <span class='ocrx_word' id='word_1_79' title='bbox 1920 1533 2271 1618; x_wconf 84' lang='lat' dir='ltr'><strong>aurigando</strong></span> <span class='ocrx_word' id='word_1_80' title='bbox 2328 1533 2739 1615; x_wconf 87' lang='lat' dir='ltr'><strong>aequiperare</strong></span> 
     </span>
     <span class='ocr_line' id='line_1_12' title="bbox 437 1637 2738 1724; baseline -0 -21"><span class='ocrx_word' id='word_1_81' title='bbox 437 1641 931 1722; x_wconf 74' lang='lat' dir='ltr'><strong>existimaretur,</strong></span> <span class='ocrx_word' id='word_1_82' title='bbox 986 1640 1225 1703; x_wconf 89' lang='lat' dir='ltr'><strong>imitari</strong></span> <span class='ocrx_word' id='word_1_83' title='bbox 1273 1645 1337 1704; x_wconf 93' lang='lat' dir='ltr'><strong>et</strong></span> <span class='ocrx_word' id='word_1_84' title='bbox 1383 1639 1681 1703; x_wconf 89' lang='lat' dir='ltr'><strong>Herculis</strong></span> <span class='ocrx_word' id='word_1_85' title='bbox 1737 1640 1933 1724; x_wconf 81' lang='lat' dir='ltr'><strong>facta3</strong></span> <span class='ocrx_word' id='word_1_86' title='bbox 1989 1643 2567 1723; x_wconf 85' lang='lat' dir='ltr'><strong>praeparatumque</strong></span> <span class='ocrx_word' id='word_1_87' title='bbox 2612 1637 2738 1702; x_wconf 92' lang='lat' dir='ltr'><strong>leo-</strong></span> 
     </span>
     <span class='ocr_line' id='line_1_13' title="bbox 436 1744 2739 1829; baseline 0 -19"><span class='ocrx_word' id='word_1_88' title='bbox 436 1769 584 1811; x_wconf 87' lang='lat' dir='ltr'><strong>nem</strong></span> <span class='ocrx_word' id='word_1_89' title='bbox 633 1748 829 1829; x_wconf 91' lang='lat' dir='ltr'><strong>aiunt,</strong></span> <span class='ocrx_word' id='word_1_90' title='bbox 878 1769 1069 1829; x_wconf 90' lang='lat' dir='ltr'><strong>quem</strong></span> <span class='ocrx_word' id='word_1_91' title='bbox 1115 1748 1222 1809; x_wconf 89' lang='lat' dir='ltr'><strong>uel</strong></span> <span class='ocrx_word' id='word_1_92' title='bbox 1269 1747 1451 1810; x_wconf 90' lang='lat' dir='ltr'><strong>claua</strong></span> <span class='ocrx_word' id='word_1_93' title='bbox 1486 1746 1593 1810; x_wconf 92' lang='lat' dir='ltr'><strong>uel</strong></span> <span class='ocrx_word' id='word_1_94' title='bbox 1631 1746 2042 1810; x_wconf 90' lang='lat' dir='ltr'><strong>brachiorum</strong></span> <span class='ocrx_word' id='word_1_95' title='bbox 2079 1746 2348 1810; x_wconf 83' lang='lat' dir='ltr'><strong>nexibus</strong></span> <span class='ocrx_word' id='word_1_96' title='bbox 2386 1747 2452 1810; x_wconf 88' lang='lat' dir='ltr'><strong>in</strong></span> <span class='ocrx_word' id='word_1_97' title='bbox 2493 1744 2739 1829; x_wconf 91' lang='lat' dir='ltr'><strong>amphi-</strong></span> 
     </span>
     <span class='ocr_line' id='line_1_14' title="bbox 437 1847 2846 1937; baseline -0.002 -19"><span class='ocrx_word' id='word_1_98' title='bbox 437 1854 677 1919; x_wconf 90' lang='lat' dir='ltr'><strong>theatri</strong></span> <span class='ocrx_word' id='word_1_99' title='bbox 739 1854 979 1917; x_wconf 85' lang='lat' dir='ltr'><strong>harena</strong></span> <span class='ocrx_word' id='word_1_100' title='bbox 1043 1857 1372 1936; x_wconf 81' lang='lat' dir='ltr'><strong>spectante</strong></span> <span class='ocrx_word' id='word_1_101' title='bbox 1437 1852 1680 1937; x_wconf 91' lang='lat' dir='ltr'><strong>populo</strong></span> <span class='ocrx_word' id='word_1_102' title='bbox 1745 1853 1956 1917; x_wconf 91' lang='lat' dir='ltr'><strong>nudus</strong></span> <span class='ocrx_word' id='word_1_103' title='bbox 2012 1852 2292 1917; x_wconf 87' lang='lat' dir='ltr'><strong>elideret.</strong></span> <span class='ocrx_word' id='word_1_104' title='bbox 2377 1852 2496 1916; x_wconf 83' lang='lat' dir='ltr'><strong>sub</strong></span> <span class='ocrx_word' id='word_1_105' title='bbox 2553 1851 2730 1915; x_wconf 88' lang='lat' dir='ltr'><strong>exitu</strong></span> <span class='ocrx_word' id='word_1_106' title='bbox 2749 1847 2846 1914; x_wconf 81' lang='lat'><strong>54</strong></span> 
     </span>
     <span class='ocr_line' id='line_1_15' title="bbox 439 1957 2738 2045; baseline -0.001 -21"><span class='ocrx_word' id='word_1_107' title='bbox 439 1961 697 2045; x_wconf 88' lang='lat' dir='ltr'><strong>quidem</strong></span> <span class='ocrx_word' id='word_1_108' title='bbox 745 1962 917 2024; x_wconf 84' lang='lat' dir='ltr'><strong>uitae</strong></span> <span class='ocrx_word' id='word_1_109' title='bbox 954 1959 1168 2044; x_wconf 90' lang='lat' dir='ltr'><strong>palam</strong></span> <span class='ocrx_word' id='word_1_110' title='bbox 1216 1964 1502 2041; x_wconf 90' lang='lat' dir='ltr'><strong>uouerat,</strong></span> <span class='ocrx_word' id='word_1_111' title='bbox 1549 1960 1604 2023; x_wconf 90' lang='lat' dir='ltr'><strong>si</strong></span> <span class='ocrx_word' id='word_1_112' title='bbox 1653 1960 1779 2023; x_wconf 91' lang='lat' dir='ltr'><strong>sibi</strong></span> <span class='ocrx_word' id='word_1_113' title='bbox 1825 1957 2165 2023; x_wconf 89' lang='lat' dir='ltr'><strong>incolumis</strong></span> <span class='ocrx_word' id='word_1_114' title='bbox 2205 1962 2410 2022; x_wconf 89' lang='lat' dir='ltr'><strong>status</strong></span> <span class='ocrx_word' id='word_1_115' title='bbox 2449 1980 2738 2040; x_wconf 92' lang='lat' dir='ltr'><strong>perman-</strong></span> 
     </span>
    </p>

    <p class='ocr_par' dir='ltr' id='par_1_5' title="bbox 358 2056 2843 2577">
     <span class='ocr_line' id='line_1_16' title="bbox 358 2056 2738 2152; baseline -0.003 -18"><span class='ocrx_word' id='word_1_116' title='bbox 358 2103 410 2142; x_wconf 82' lang='lat'><strong>15</strong></span> <span class='ocrx_word' id='word_1_117' title='bbox 441 2070 656 2152; x_wconf 82' lang='lat' dir='ltr'><strong>sisset,</strong></span> <span class='ocrx_word' id='word_1_118' title='bbox 729 2067 1134 2151; x_wconf 88' lang='lat' dir='ltr'><strong>proditurum</strong></span> <span class='ocrx_word' id='word_1_119' title='bbox 1193 2089 1259 2130; x_wconf 92' lang='lat' dir='ltr'><strong>se</strong></span> <span class='ocrx_word' id='word_1_120' title='bbox 1325 2056 1545 2149; x_wconf 88' lang='lat' dir='ltr'><strong>partae</strong></span> <span class='ocrx_word' id='word_1_121' title='bbox 1608 2066 1919 2130; x_wconf 89' lang='lat' dir='ltr'><strong>uictoriae</strong></span> <span class='ocrx_word' id='word_1_122' title='bbox 1973 2066 2142 2129; x_wconf 89' lang='lat' dir='ltr'><strong>ludis</strong></span> <span class='ocrx_word' id='word_1_123' title='bbox 2208 2066 2398 2128; x_wconf 91' lang='lat' dir='ltr'><strong>etiam</strong></span> <span class='ocrx_word' id='word_1_124' title='bbox 2464 2064 2738 2148; x_wconf 82' lang='lat' dir='ltr'><strong>hydrau-</strong></span> 
     </span>
     <span class='ocr_line' id='line_1_17' title="bbox 434 2171 2737 2240; baseline -0.003 1"><span class='ocrx_word' id='word_1_125' title='bbox 434 2179 565 2240; x_wconf 90' lang='lat' dir='ltr'><strong>lam</strong></span> <span class='ocrx_word' id='word_1_126' title='bbox 612 2181 678 2240; x_wconf 93' lang='lat' dir='ltr'><strong>et</strong></span> <span class='ocrx_word' id='word_1_127' title='bbox 716 2175 1086 2238; x_wconf 84' lang='lat' dir='ltr'><strong>choraulam</strong></span> <span class='ocrx_word' id='word_1_128' title='bbox 1127 2177 1191 2237; x_wconf 87' lang='lat' dir='ltr'><strong>et</strong></span> <span class='ocrx_word' id='word_1_129' title='bbox 1226 2172 1673 2237; x_wconf 88' lang='lat' dir='ltr'><strong>utricularium</strong></span> <span class='ocrx_word' id='word_1_130' title='bbox 1713 2194 1787 2237; x_wconf 89' lang='lat' dir='ltr'><strong>ac</strong></span> <span class='ocrx_word' id='word_1_131' title='bbox 1823 2172 2176 2237; x_wconf 88' lang='lat' dir='ltr'><strong>nouissimo</strong></span> <span class='ocrx_word' id='word_1_132' title='bbox 2214 2172 2318 2236; x_wconf 93' lang='lat' dir='ltr'><strong>die</strong></span> <span class='ocrx_word' id='word_1_133' title='bbox 2355 2171 2737 2235; x_wconf 86' lang='lat' dir='ltr'><strong>histrionem</strong></span> 
     </span>
     <span class='ocr_line' id='line_1_18' title="bbox 436 2277 2736 2365; baseline -0.003 -17"><span class='ocrx_word' id='word_1_134' title='bbox 436 2286 945 2365; x_wconf 86' lang='lat' dir='ltr'><strong>saltaturumque</strong></span> <span class='ocrx_word' id='word_1_135' title='bbox 992 2279 1243 2364; x_wconf 85' lang='lat' dir='ltr'><strong>Vergili</strong></span> <span class='ocrx_word' id='word_1_136' title='bbox 1291 2279 1597 2344; x_wconf 85' lang='lat' dir='ltr'><strong>Turnum.</strong></span> <span class='ocrx_word' id='word_1_137' title='bbox 1672 2284 1738 2343; x_wconf 92' lang='lat' dir='ltr'><strong>et</strong></span> <span class='ocrx_word' id='word_1_138' title='bbox 1784 2283 1936 2343; x_wconf 89' lang='lat' dir='ltr'><strong>sunt</strong></span> <span class='ocrx_word' id='word_1_139' title='bbox 1982 2279 2095 2362; x_wconf 93' lang='lat' dir='ltr'><strong>qui</strong></span> <span class='ocrx_word' id='word_1_140' title='bbox 2141 2279 2397 2343; x_wconf 89' lang='lat' dir='ltr'><strong>tradant</strong></span> <span class='ocrx_word' id='word_1_141' title='bbox 2442 2277 2736 2342; x_wconf 91' lang='lat' dir='ltr'><strong>Paridem</strong></span> 
     </span>
     <span class='ocr_line' id='line_1_19' title="bbox 433 2381 2843 2471; baseline -0.003 -16"><span class='ocrx_word' id='word_1_142' title='bbox 433 2391 811 2455; x_wconf 87' lang='lat' dir='ltr'><strong>histrionem</strong></span> <span class='ocrx_word' id='word_1_143' title='bbox 869 2388 1150 2452; x_wconf 87' lang='lat' dir='ltr'><strong>occisum</strong></span> <span class='ocrx_word' id='word_1_144' title='bbox 1215 2387 1295 2451; x_wconf 92' lang='lat' dir='ltr'><strong>ab</strong></span> <span class='ocrx_word' id='word_1_145' title='bbox 1352 2408 1427 2451; x_wconf 92' lang='lat' dir='ltr'><strong>eo</strong></span> <span class='ocrx_word' id='word_1_146' title='bbox 1486 2387 1671 2470; x_wconf 86' lang='lat' dir='ltr'><strong>quasi</strong></span> <span class='ocrx_word' id='word_1_147' title='bbox 1734 2408 1994 2471; x_wconf 85' lang='lat' dir='ltr'><strong>grauem</strong></span> <span class='ocrx_word' id='word_1_148' title='bbox 2062 2386 2511 2450; x_wconf 88' lang='lat' dir='ltr'><strong>aduersarium.</strong></span> <span class='ocrx_word' id='word_1_149' title='bbox 2595 2389 2731 2449; x_wconf 90' lang='lat' dir='ltr'><strong>erat</strong></span> <span class='ocrx_word' id='word_1_150' title='bbox 2751 2381 2843 2447; x_wconf 81' lang='lat'><strong>55</strong></span> 
     </span>
     <span class='ocr_line' id='line_1_20' title="bbox 437 2491 2736 2577; baseline -0.004 -13"><span class='ocrx_word' id='word_1_151' title='bbox 437 2500 533 2564; x_wconf 81' lang='lat' dir='ltr'><strong>issi</strong></span> <span class='ocrx_word' id='word_1_152' title='bbox 595 2495 991 2562; x_wconf 86' lang='lat' dir='ltr'><strong>aeternitatis</strong></span> <span class='ocrx_word' id='word_1_153' title='bbox 1051 2499 1525 2577; x_wconf 88' lang='lat' dir='ltr'><strong>perpetuaeque</strong></span> <span class='ocrx_word' id='word_1_154' title='bbox 1584 2494 1794 2558; x_wconf 81' lang='lat' dir='ltr'><strong>famae</strong></span> <span class='ocrx_word' id='word_1_155' title='bbox 1857 2492 2117 2576; x_wconf 91' lang='lat' dir='ltr'><strong>cupido,</strong></span> <span class='ocrx_word' id='word_1_156' title='bbox 2188 2493 2299 2557; x_wconf 92' lang='lat' dir='ltr'><strong>sed</strong></span> <span class='ocrx_word' id='word_1_157' title='bbox 2359 2491 2736 2557; x_wconf 89' lang='lat' dir='ltr'><strong>inconsulta.</strong></span> 
     </span>
    </p>

    <p class='ocr_par' dir='ltr' id='par_1_6' title="bbox 356 2599 2737 2899">
     <span class='ocr_line' id='line_1_21' title="bbox 356 2599 2737 2688; baseline -0.005 -15"><span class='ocrx_word' id='word_1_158' title='bbox 356 2636 409 2674; x_wconf 78' lang='lat'><strong>20</strong></span> <span class='ocrx_word' id='word_1_159' title='bbox 438 2605 708 2688; x_wconf 91' lang='lat' dir='ltr'><strong>ideoque</strong></span> <span class='ocrx_word' id='word_1_160' title='bbox 756 2601 976 2666; x_wconf 90' lang='lat' dir='ltr'><strong>multis</strong></span> <span class='ocrx_word' id='word_1_161' title='bbox 1024 2602 1211 2665; x_wconf 91' lang='lat' dir='ltr'><strong>rebus</strong></span> <span class='ocrx_word' id='word_1_162' title='bbox 1260 2621 1334 2665; x_wconf 90' lang='lat' dir='ltr'><strong>ac</strong></span> <span class='ocrx_word' id='word_1_163' title='bbox 1380 2600 1539 2665; x_wconf 89' lang='lat' dir='ltr'><strong>locis</strong></span> <span class='ocrx_word' id='word_1_164' title='bbox 1576 2605 1798 2664; x_wconf 91' lang='lat' dir='ltr'><strong>uetere</strong></span> <span class='ocrx_word' id='word_1_165' title='bbox 1836 2599 2267 2684; x_wconf 89' lang='lat' dir='ltr'><strong>appellatione</strong></span> <span class='ocrx_word' id='word_1_166' title='bbox 2307 2600 2590 2664; x_wconf 84' lang='lat' dir='ltr'><strong>detracta</strong></span> <span class='ocrx_word' id='word_1_167' title='bbox 2625 2621 2737 2663; x_wconf 91' lang='lat' dir='ltr'><strong>no-</strong></span> 
     </span>
     <span class='ocr_line' id='line_1_22' title="bbox 435 2705 2736 2791; baseline -0.002 -16"><span class='ocrx_word' id='word_1_168' title='bbox 435 2734 583 2775; x_wconf 90' lang='lat' dir='ltr'><strong>uam</strong></span> <span class='ocrx_word' id='word_1_169' title='bbox 633 2709 863 2773; x_wconf 84' lang='lat' dir='ltr'><strong>indixit</strong></span> <span class='ocrx_word' id='word_1_170' title='bbox 919 2730 994 2771; x_wconf 90' lang='lat' dir='ltr'><strong>ex</strong></span> <span class='ocrx_word' id='word_1_171' title='bbox 1053 2730 1167 2771; x_wconf 92' lang='lat' dir='ltr'><strong>suo</strong></span> <span class='ocrx_word' id='word_1_172' title='bbox 1215 2708 1503 2790; x_wconf 88' lang='lat' dir='ltr'><strong>nomine,</strong></span> <span class='ocrx_word' id='word_1_173' title='bbox 1557 2730 1843 2772; x_wconf 90' lang='lat' dir='ltr'><strong>mensem</strong></span> <span class='ocrx_word' id='word_1_174' title='bbox 1893 2729 2150 2791; x_wconf 91' lang='lat' dir='ltr'><strong>quoque</strong></span> <span class='ocrx_word' id='word_1_175' title='bbox 2195 2706 2488 2790; x_wconf 87' lang='lat' dir='ltr'><strong>Aprilem</strong></span> <span class='ocrx_word' id='word_1_176' title='bbox 2534 2705 2736 2770; x_wconf 89' lang='lat' dir='ltr'><strong>Nero-</strong></span> 
     </span>
     <span class='ocr_line' id='line_1_23' title="bbox 435 2806 2733 2899; baseline -0.001 -18"><span class='ocrx_word' id='word_1_177' title='bbox 435 2840 630 2881; x_wconf 91' lang='lat' dir='ltr'><strong>neum</strong></span> <span class='ocrx_word' id='word_1_178' title='bbox 661 2806 1040 2899; x_wconf 84' lang='lat' dir='ltr'><strong>appellauit3</strong></span> <span class='ocrx_word' id='word_1_179' title='bbox 1079 2815 1510 2879; x_wconf 87' lang='lat' dir='ltr'><strong>destinauerat</strong></span> <span class='ocrx_word' id='word_1_180' title='bbox 1537 2819 1601 2878; x_wconf 92' lang='lat' dir='ltr'><strong>et</strong></span> <span class='ocrx_word' id='word_1_181' title='bbox 1629 2813 1909 2878; x_wconf 89' lang='lat' dir='ltr'><strong>Romam</strong></span> <span class='ocrx_word' id='word_1_182' title='bbox 1937 2813 2319 2899; x_wconf 91' lang='lat' dir='ltr'><strong>Neropolim</strong></span> <span class='ocrx_word' id='word_1_183' title='bbox 2348 2834 2733 2895; x_wconf 88' lang='lat' dir='ltr'><strong>nuncupare.</strong></span> 
     </span>
    </p>

    <p class='ocr_par' dir='ltr' id='par_1_7' title="bbox 437 2914 2841 3116">
     <span class='ocr_line' id='line_1_24' title="bbox 614 2914 2841 3008; baseline -0.002 -22"><span class='ocrx_word' id='word_1_184' title='bbox 614 2923 1027 3008; x_wconf 88' lang='lat' dir='ltr'><strong>Religionum</strong></span> <span class='ocrx_word' id='word_1_185' title='bbox 1066 2943 1269 3005; x_wconf 84' lang='lat' dir='ltr'><strong>usque</strong></span> <span class='ocrx_word' id='word_1_186' title='bbox 1308 2944 1560 3005; x_wconf 92' lang='lat' dir='ltr'><strong>quaque</strong></span> <span class='ocrx_word' id='word_1_187' title='bbox 1599 2926 2022 3005; x_wconf 90' lang='lat' dir='ltr'><strong>contemptor,</strong></span> <span class='ocrx_word' id='word_1_188' title='bbox 2059 2926 2310 3004; x_wconf 89' lang='lat' dir='ltr'><strong>praeter</strong></span> <span class='ocrx_word' id='word_1_189' title='bbox 2336 2922 2526 2985; x_wconf 92' lang='lat' dir='ltr'><strong>unius</strong></span> <span class='ocrx_word' id='word_1_190' title='bbox 2556 2921 2729 2985; x_wconf 90' lang='lat' dir='ltr'><strong>Deae</strong></span> <span class='ocrx_word' id='word_1_191' title='bbox 2747 2914 2841 2981; x_wconf 79' lang='lat'><strong>56</strong></span> 
     </span>
     <span class='ocr_line' id='line_1_25' title="bbox 437 3028 2738 3116; baseline -0.002 -21"><span class='ocrx_word' id='word_1_192' title='bbox 437 3031 677 3116; x_wconf 83' lang='lat' dir='ltr'><strong>Syriae,</strong></span> <span class='ocrx_word' id='word_1_193' title='bbox 749 3030 919 3094; x_wconf 90' lang='lat' dir='ltr'><strong>hanc</strong></span> <span class='ocrx_word' id='word_1_194' title='bbox 986 3051 1137 3093; x_wconf 89' lang='lat' dir='ltr'><strong>mox</strong></span> <span class='ocrx_word' id='word_1_195' title='bbox 1201 3030 1294 3092; x_wconf 87' lang='lat' dir='ltr'><strong>ita</strong></span> <span class='ocrx_word' id='word_1_196' title='bbox 1358 3030 1602 3113; x_wconf 87' lang='lat' dir='ltr'><strong>spreuit</strong></span> <span class='ocrx_word' id='word_1_197' title='bbox 1664 3033 1740 3092; x_wconf 93' lang='lat' dir='ltr'><strong>ut</strong></span> <span class='ocrx_word' id='word_1_198' title='bbox 1805 3030 1992 3092; x_wconf 89' lang='lat' dir='ltr'><strong>urina</strong></span> <span class='ocrx_word' id='word_1_199' title='bbox 2057 3030 2546 3111; x_wconf 84' lang='lat' dir='ltr'><strong>contaminaret,</strong></span> <span class='ocrx_word' id='word_1_200' title='bbox 2612 3028 2738 3092; x_wconf 92' lang='lat' dir='ltr'><strong>alia</strong></span> 
     </span>
    </p>

    <p class='ocr_par' dir='ltr' id='par_1_8' title="bbox 356 3136 2735 3541">
     <span class='ocr_line' id='line_1_26' title="bbox 356 3136 2735 3221; baseline -0.003 -14"><span class='ocrx_word' id='word_1_201' title='bbox 356 3167 408 3207; x_wconf 73' lang='lat'><strong>25</strong></span> <span class='ocrx_word' id='word_1_202' title='bbox 438 3138 893 3221; x_wconf 87' lang='lat' dir='ltr'><strong>superstitione</strong></span> <span class='ocrx_word' id='word_1_203' title='bbox 940 3140 1193 3219; x_wconf 77' lang='lat' dir='ltr'><strong>captuS,</strong></span> <span class='ocrx_word' id='word_1_204' title='bbox 1239 3137 1309 3199; x_wconf 90' lang='lat' dir='ltr'><strong>in</strong></span> <span class='ocrx_word' id='word_1_205' title='bbox 1355 3158 1481 3219; x_wconf 90' lang='lat' dir='ltr'><strong>qua</strong></span> <span class='ocrx_word' id='word_1_206' title='bbox 1529 3137 1664 3199; x_wconf 88' lang='lat' dir='ltr'><strong>sola</strong></span> <span class='ocrx_word' id='word_1_207' title='bbox 1712 3136 2217 3220; x_wconf 88' lang='lat' dir='ltr'><strong>pertinacissime</strong></span> <span class='ocrx_word' id='word_1_208' title='bbox 2263 3136 2495 3219; x_wconf 86' lang='lat' dir='ltr'><strong>haesit,</strong></span> <span class='ocrx_word' id='word_1_209' title='bbox 2544 3137 2735 3219; x_wconf 88' lang='lat' dir='ltr'><strong>siqui-</strong></span> 
     </span>
     <span class='ocr_line' id='line_1_27' title="bbox 435 3242 2735 3329; baseline -0.001 -20"><span class='ocrx_word' id='word_1_210' title='bbox 435 3245 579 3309; x_wconf 91' lang='lat' dir='ltr'><strong>dem</strong></span> <span class='ocrx_word' id='word_1_211' title='bbox 628 3244 1192 3329; x_wconf 84' lang='lat' dir='ltr'><strong>&lt;im&gt;agunculam</strong></span> <span class='ocrx_word' id='word_1_212' title='bbox 1241 3243 1610 3326; x_wconf 90' lang='lat' dir='ltr'><strong>puellarem,</strong></span> <span class='ocrx_word' id='word_1_213' title='bbox 1657 3264 1804 3306; x_wconf 92' lang='lat' dir='ltr'><strong>cum</strong></span> <span class='ocrx_word' id='word_1_214' title='bbox 1853 3244 2037 3326; x_wconf 84' lang='lat' dir='ltr'><strong>quasi</strong></span> <span class='ocrx_word' id='word_1_215' title='bbox 2082 3243 2431 3307; x_wconf 89' lang='lat' dir='ltr'><strong>remedium</strong></span> <span class='ocrx_word' id='word_1_216' title='bbox 2479 3242 2735 3307; x_wconf 85' lang='lat' dir='ltr'><strong>insidia-</strong></span> 
     </span>
     <span class='ocr_line' id='line_1_28' title="bbox 434 3350 2735 3435; baseline -0.001 -20"><span class='ocrx_word' id='word_1_217' title='bbox 434 3375 577 3416; x_wconf 91' lang='lat' dir='ltr'><strong>rum</strong></span> <span class='ocrx_word' id='word_1_218' title='bbox 627 3374 663 3414; x_wconf 93' lang='lat' dir='ltr'><strong>a</strong></span> <span class='ocrx_word' id='word_1_219' title='bbox 709 3351 962 3433; x_wconf 90' lang='lat' dir='ltr'><strong>plebeio</strong></span> <span class='ocrx_word' id='word_1_220' title='bbox 1020 3350 1298 3433; x_wconf 86' lang='lat' dir='ltr'><strong>quodam</strong></span> <span class='ocrx_word' id='word_1_221' title='bbox 1356 3354 1419 3413; x_wconf 91' lang='lat' dir='ltr'><strong>et</strong></span> <span class='ocrx_word' id='word_1_222' title='bbox 1475 3351 1700 3435; x_wconf 92' lang='lat' dir='ltr'><strong>ignoto</strong></span> <span class='ocrx_word' id='word_1_223' title='bbox 1757 3351 2007 3414; x_wconf 92' lang='lat' dir='ltr'><strong>muneri</strong></span> <span class='ocrx_word' id='word_1_224' title='bbox 2063 3350 2438 3434; x_wconf 88' lang='lat' dir='ltr'><strong>accepisset,</strong></span> <span class='ocrx_word' id='word_1_225' title='bbox 2488 3350 2735 3414; x_wconf 87' lang='lat' dir='ltr'><strong>detecta</strong></span> 
     </span>
     <span class='ocr_line' id='line_1_29' title="bbox 438 3457 2735 3541; baseline -0.001 -18"><span class='ocrx_word' id='word_1_226' title='bbox 438 3459 774 3523; x_wconf 89' lang='lat' dir='ltr'><strong>confestim</strong></span> <span class='ocrx_word' id='word_1_227' title='bbox 834 3458 1275 3521; x_wconf 89' lang='lat' dir='ltr'><strong>coniuratione</strong></span> <span class='ocrx_word' id='word_1_228' title='bbox 1331 3479 1449 3541; x_wconf 88' lang='lat' dir='ltr'><strong>pro</strong></span> <span class='ocrx_word' id='word_1_229' title='bbox 1506 3479 1759 3521; x_wconf 90' lang='lat' dir='ltr'><strong>summo</strong></span> <span class='ocrx_word' id='word_1_230' title='bbox 1826 3458 2088 3521; x_wconf 90' lang='lat' dir='ltr'><strong>numine</strong></span> <span class='ocrx_word' id='word_1_231' title='bbox 2143 3458 2456 3540; x_wconf 89' lang='lat' dir='ltr'><strong>trinisque</strong></span> <span class='ocrx_word' id='word_1_232' title='bbox 2512 3458 2578 3521; x_wconf 93' lang='lat' dir='ltr'><strong>in</strong></span> <span class='ocrx_word' id='word_1_233' title='bbox 2635 3457 2735 3520; x_wconf 91' lang='lat' dir='ltr'><strong>die</strong></span> 
     </span>
    </p>
   </div>
   <div class='ocr_carea' id='block_1_3' title="bbox 651 3585 864 3592">
    <p class='ocr_par' dir='ltr' id='par_1_9' title="bbox 651 3585 864 3592">
     <span class='ocr_line' id='line_1_30' title="bbox 651 3585 864 3592; baseline 0 1617"><span class='ocrx_word' id='word_1_234' title='bbox 651 3585 864 3592; x_wconf 95' lang='lat' dir='ltr'><strong> </strong></span> 
     </span>
    </p>
   </div>
   <div class='ocr_carea' id='block_1_4' title="bbox 579 3640 2518 3710">
    <p class='ocr_par' dir='ltr' id='par_1_10' title="bbox 579 3640 2518 3710">
     <span class='ocr_line' id='line_1_31' title="bbox 579 3640 2518 3710; baseline -0.001 -16"><span class='ocrx_word' id='word_1_235' title='bbox 579 3648 644 3695; x_wconf 82' lang='lat'><strong>10</strong></span> <span class='ocrx_word' id='word_1_236' title='bbox 683 3644 752 3707; x_wconf 76' lang='lat' dir='ltr'><strong>cf.</strong></span> <span class='ocrx_word' id='word_1_237' title='bbox 791 3643 941 3696; x_wconf 82' lang='lat' dir='ltr'><strong>Oros.</strong></span> <span class='ocrx_word' id='word_1_238' title='bbox 979 3644 1100 3696; x_wconf 90' lang='lat' dir='ltr'><strong>VII</strong></span> <span class='ocrx_word' id='word_1_239' title='bbox 1126 3646 1178 3707; x_wconf 87' lang='lat'><strong>7,</strong></span> <span class='ocrx_word' id='word_1_240' title='bbox 1201 3647 1230 3694; x_wconf 93' lang='lat'><strong><em>1</em></strong></span> <span class='ocrx_word' id='word_1_241' title='bbox 1272 3641 1501 3709; x_wconf 84' lang='lat' dir='ltr'><strong>aurigas</strong></span> <span class='ocrx_word' id='word_1_242' title='bbox 1541 3657 1710 3710; x_wconf 87' lang='lat' dir='ltr'><strong>saepe</strong></span> <span class='ocrx_word' id='word_1_243' title='bbox 1749 3641 1857 3693; x_wconf 86' lang='lat' dir='ltr'><strong>sibi</strong></span> <span class='ocrx_word' id='word_1_244' title='bbox 1897 3657 2188 3708; x_wconf 88' lang='lat' dir='ltr'><strong>superasse</strong></span> <span class='ocrx_word' id='word_1_245' title='bbox 2225 3640 2379 3693; x_wconf 89' lang='lat' dir='ltr'><strong>uisus</strong></span> <span class='ocrx_word' id='word_1_246' title='bbox 2419 3643 2518 3693; x_wconf 91' lang='lat' dir='ltr'><strong>est.</strong></span> 
     </span>
    </p>
   </div>
   <div class='ocr_carea' id='block_1_5' title="bbox 579 3754 863 3761">
    <p class='ocr_par' dir='ltr' id='par_1_11' title="bbox 579 3754 863 3761">
     <span class='ocr_line' id='line_1_32' title="bbox 579 3754 863 3761; baseline 0 1448"><span class='ocrx_word' id='word_1_247' title='bbox 579 3754 863 3761; x_wconf 95' lang='lat' dir='ltr'><strong> </strong></span> 
     </span>
    </p>
   </div>
   <div class='ocr_carea' id='block_1_6' title="bbox 433 3818 2741 4611">
    <p class='ocr_par' dir='ltr' id='par_1_12' title="bbox 433 3818 2741 4611">
     <span class='ocr_line' id='line_1_33' title="bbox 583 3818 2732 3888; baseline -0 -15"><span class='ocrx_word' id='word_1_248' title='bbox 583 3826 607 3873; x_wconf 91' lang='lat'>1</span> <span class='ocrx_word' id='word_1_249' title='bbox 650 3820 892 3874; x_wconf 89' lang='lat' dir='ltr'><strong>maxime</strong></span> <span class='ocrx_word' id='word_1_250' title='bbox 920 3819 1221 3874; x_wconf 70' lang='lat' dir='ltr'><strong>mendatio</strong></span> <span class='ocrx_word' id='word_1_251' title='bbox 1252 3821 1370 3873; x_wconf 76' lang='lat' dir='ltr'><strong>eius</strong></span> <span class='ocrx_word' id='word_1_252' title='bbox 1399 3818 1544 3886; x_wconf 78' lang='lat' dir='ltr'><strong>quod</strong></span> <span class='ocrx_word' id='word_1_253' title='bbox 1571 3820 1816 3886; x_wconf 77' lang='lat' dir='ltr'><strong>sequitur</strong></span> <span class='ocrx_word' id='word_1_254' title='bbox 1844 3819 2088 3872; x_wconf 89' lang='lat' dir='ltr'><strong>maxima</strong></span> <span class='ocrx_word' id='word_1_255' title='bbox 2117 3819 2207 3888; x_wconf 80' lang='lat' dir='ltr'><strong>(cf.</strong></span> <span class='ocrx_word' id='word_1_256' title='bbox 2224 3819 2415 3873; x_wconf 78' lang='lat' dir='ltr'><strong>Herm.</strong></span> <span class='ocrx_word' id='word_1_257' title='bbox 2434 3822 2507 3872; x_wconf 88' lang='grc'><strong>36</strong></span> <span class='ocrx_word' id='word_1_258' title='bbox 2526 3837 2585 3886; x_wconf 78' lang='lat' dir='ltr'><strong>p.</strong></span> <span class='ocrx_word' id='word_1_259' title='bbox 2602 3822 2732 3886; x_wconf 79' lang='lat'><strong>292)</strong></span> 
     </span>
     <span class='ocr_line' id='line_1_34' title="bbox 439 3896 2734 3970; baseline -0.001 -17"><span class='ocrx_word' id='word_1_260' title='bbox 439 3906 470 3953; x_wconf 82' lang='lat'><strong>3</strong></span> <span class='ocrx_word' id='word_1_261' title='bbox 509 3899 757 3952; x_wconf 87' lang='lat' dir='ltr'><strong>Maxima</strong></span> <span class='ocrx_word' id='word_1_262' title='bbox 780 3902 850 3966; x_wconf 71' lang='grc' dir='ltr'><strong>Ω,</strong></span> <span class='ocrx_word' id='word_1_263' title='bbox 887 3915 1022 3953; x_wconf 84' lang='lat' dir='ltr'><strong>corr.</strong></span> <span class='ocrx_word' id='word_1_264' title='bbox 1055 3917 1088 3958; x_wconf 90' lang='grc' dir='ltr'><strong><em>ς</em></strong></span> <span class='ocrx_word' id='word_1_265' title='bbox 1117 3899 1457 3970; x_wconf 78' lang='lat' dir='ltr'><strong>(Sabellicus)</strong></span> <span class='ocrx_word' id='word_1_266' title='bbox 1581 3905 1615 3950; x_wconf 86' lang='lat'>4</span> <span class='ocrx_word' id='word_1_267' title='bbox 1646 3899 1925 3964; x_wconf 88' lang='lat' dir='ltr'><strong>quomodo</strong></span> <span class='ocrx_word' id='word_1_268' title='bbox 1964 3905 2012 3952; x_wconf 83' lang='lat' dir='ltr'><strong>et</strong></span> <span class='ocrx_word' id='word_1_269' title='bbox 2038 3901 2290 3951; x_wconf 90' lang='lat' dir='ltr'><strong>moueret</strong></span> <span class='ocrx_word' id='word_1_270' title='bbox 2323 3897 2374 3952; x_wconf 76' lang='lat' dir='ltr'><strong><em>G</em></strong></span> <span class='ocrx_word' id='word_1_271' title='bbox 2482 3903 2512 3950; x_wconf 86' lang='lat'>5</span> <span class='ocrx_word' id='word_1_272' title='bbox 2545 3896 2734 3966; x_wconf 80' lang='lat' dir='ltr'><strong>Olym-</strong></span> 
     </span>
     <span class='ocr_line' id='line_1_35' title="bbox 436 3976 2733 4049; baseline 0 -17"><span class='ocrx_word' id='word_1_273' title='bbox 436 3980 534 4049; x_wconf 89' lang='lat' dir='ltr'><strong>pia</strong></span> <span class='ocrx_word' id='word_1_274' title='bbox 573 3995 606 4040; x_wconf 85' lang='grc' dir='ltr'><strong><em>ς</em></strong></span> <span class='ocrx_word' id='word_1_275' title='bbox 645 3979 782 4048; x_wconf 82' lang='lat' dir='ltr'><strong>(edd.</strong></span> <span class='ocrx_word' id='word_1_276' title='bbox 814 3979 972 4033; x_wconf 85' lang='lat' dir='ltr'><strong>Rom.</strong></span> <span class='ocrx_word' id='word_1_277' title='bbox 1014 3981 1141 4034; x_wconf 74' lang='lat' dir='ltr'><strong>Ven.</strong></span> <span class='ocrx_word' id='word_1_278' title='bbox 1173 3980 1235 4048; x_wconf 95' lang='lat' dir='ltr'><strong>I)</strong></span> <span class='ocrx_word' id='word_1_279' title='bbox 1417 3984 1447 4032; x_wconf 90' lang='lat'>8</span> <span class='ocrx_word' id='word_1_280' title='bbox 1498 3977 1648 4031; x_wconf 87' lang='lat' dir='ltr'><strong>stadi</strong></span> <span class='ocrx_word' id='word_1_281' title='bbox 1696 3986 1746 4032; x_wconf 80' lang='lat' dir='ltr'><strong>et</strong></span> <span class='ocrx_word' id='word_1_282' title='bbox 1793 3976 2050 4032; x_wconf 87' lang='lat' dir='ltr'><strong>aesidens</strong></span> <span class='ocrx_word' id='word_1_283' title='bbox 2080 3979 2154 4031; x_wconf 89' lang='lat' dir='ltr'><strong><em>M</em></strong></span> <span class='ocrx_word' id='word_1_284' title='bbox 2196 3979 2359 4048; x_wconf 75' lang='lat' dir='ltr'><strong>(illud</strong></span> <span class='ocrx_word' id='word_1_285' title='bbox 2395 3995 2532 4032; x_wconf 80' lang='lat' dir='ltr'><strong>corr.</strong></span> <span class='ocrx_word' id='word_1_286' title='bbox 2569 3996 2638 4032; x_wconf 85' lang='lat' dir='ltr'><strong>m.</strong></span> <span class='ocrx_word' id='word_1_287' title='bbox 2676 3983 2733 4048; x_wconf 80' lang='lat'><strong>2)</strong></span> 
     </span>
     <span class='ocr_line' id='line_1_36' title="bbox 441 4058 2733 4128; baseline -0.001 -15"><span class='ocrx_word' id='word_1_288' title='bbox 441 4066 506 4114; x_wconf 89' lang='lat'><strong>10</strong></span> <span class='ocrx_word' id='word_1_289' title='bbox 545 4058 643 4128; x_wconf 89' lang='lat' dir='ltr'><strong>qui</strong></span> <span class='ocrx_word' id='word_1_290' title='bbox 672 4076 705 4117; x_wconf 90' lang='grc' dir='ltr'><strong><em>ς</em></strong></span> <span class='ocrx_word' id='word_1_291' title='bbox 743 4060 880 4126; x_wconf 83' lang='lat' dir='ltr'><strong>(edd.</strong></span> <span class='ocrx_word' id='word_1_292' title='bbox 913 4059 1069 4113; x_wconf 83' lang='lat' dir='ltr'><strong>Rom.</strong></span> <span class='ocrx_word' id='word_1_293' title='bbox 1113 4061 1237 4113; x_wconf 75' lang='lat' dir='ltr'><strong>Ven.</strong></span> <span class='ocrx_word' id='word_1_294' title='bbox 1271 4060 1312 4112; x_wconf 95' lang='lat' dir='ltr'><strong><em>I</em></strong></span> <span class='ocrx_word' id='word_1_295' title='bbox 1335 4060 1428 4128; x_wconf 83' lang='lat' dir='ltr'><strong>al.)</strong></span> <span class='ocrx_word' id='word_1_296' title='bbox 1541 4064 1605 4111; x_wconf 85' lang='lat'><strong>15</strong></span> <span class='ocrx_word' id='word_1_297' title='bbox 1643 4059 1998 4128; x_wconf 89' lang='lat' dir='ltr'><strong>proditorum</strong></span> <span class='ocrx_word' id='word_1_298' title='bbox 2032 4062 2094 4125; x_wconf 81' lang='grc' dir='ltr'><strong>Τ,</strong></span> <span class='ocrx_word' id='word_1_299' title='bbox 2130 4075 2267 4113; x_wconf 79' lang='lat' dir='ltr'><strong>corr.</strong></span> <span class='ocrx_word' id='word_1_300' title='bbox 2299 4058 2383 4112; x_wconf 77' lang='lat'><strong>11²</strong></span> <span class='ocrx_word' id='word_1_301' title='bbox 2488 4058 2733 4127; x_wconf 81' lang='lat' dir='ltr'><strong>hydrau-</strong></span> 
     </span>
     <span class='ocr_line' id='line_1_37' title="bbox 434 4138 2733 4209; baseline -0 -15"><span class='ocrx_word' id='word_1_302' title='bbox 434 4141 553 4194; x_wconf 90' lang='lat' dir='ltr'><strong>lum</strong></span> <span class='ocrx_word' id='word_1_303' title='bbox 583 4139 656 4191; x_wconf 89' lang='lat' dir='ltr'><strong><em>M</em></strong></span> <span class='ocrx_word' id='word_1_304' title='bbox 800 4144 865 4191; x_wconf 87' lang='grc'><strong>16</strong></span> <span class='ocrx_word' id='word_1_305' title='bbox 895 4138 1168 4192; x_wconf 85' lang='lat' dir='ltr'><strong>histrione</strong></span> <span class='ocrx_word' id='word_1_306' title='bbox 1195 4140 1322 4194; x_wconf 81' lang='lat' dir='ltr'><strong>MR</strong></span> <span class='ocrx_word' id='word_1_307' title='bbox 1468 4143 1534 4192; x_wconf 87' lang='lat'><strong>18</strong></span> <span class='ocrx_word' id='word_1_308' title='bbox 1571 4138 1905 4193; x_wconf 88' lang='lat' dir='ltr'><strong>histrionem</strong></span> <span class='ocrx_word' id='word_1_309' title='bbox 1933 4139 2133 4209; x_wconf 85' lang='lat' dir='ltr'><strong>(hystr-</strong></span> <span class='ocrx_word' id='word_1_310' title='bbox 2165 4139 2241 4204; x_wconf 93' lang='lat' dir='ltr'><strong>N,</strong></span> <span class='ocrx_word' id='word_1_311' title='bbox 2278 4139 2405 4191; x_wconf 85' lang='lat' dir='ltr'><strong>istr-</strong></span> <span class='ocrx_word' id='word_1_312' title='bbox 2442 4140 2517 4208; x_wconf 84' lang='lat' dir='ltr'><strong>T)</strong></span> <span class='ocrx_word' id='word_1_313' title='bbox 2543 4140 2733 4204; x_wconf 81' lang='grc' dir='ltr'><strong>ΤΤΝ,</strong></span> 
     </span>
     <span class='ocr_line' id='line_1_38' title="bbox 437 4218 2736 4290; baseline 0 -15"><span class='ocrx_word' id='word_1_314' title='bbox 437 4218 878 4289; x_wconf 87' lang='lat' dir='ltr'><strong>septentrionem</strong></span> <span class='ocrx_word' id='word_1_315' title='bbox 897 4222 1102 4288; x_wconf 75' lang='lat' dir='ltr'><strong>(septe-</strong></span> <span class='ocrx_word' id='word_1_316' title='bbox 1124 4220 1291 4289; x_wconf 85' lang='lat' dir='ltr'><em>LPS)</em></span> <span class='ocrx_word' id='word_1_317' title='bbox 1322 4221 1396 4273; x_wconf 87' lang='lat' dir='ltr'><strong><em>M</em></strong></span> <span class='ocrx_word' id='word_1_318' title='bbox 1398 4219 1616 4285; x_wconf 77' lang='lat' dir='ltr'><strong>GLPS,</strong></span> <span class='ocrx_word' id='word_1_319' title='bbox 1634 4222 1739 4273; x_wconf 77' lang='lat' dir='ltr'><strong>uix</strong></span> <span class='ocrx_word' id='word_1_320' title='bbox 1759 4221 2110 4290; x_wconf 69' lang='lat' dir='ltr'><strong>coyita‘ndum</strong></span> <span class='ocrx_word' id='word_1_321' title='bbox 2128 4219 2193 4273; x_wconf 84' lang='lat' dir='ltr'><strong>de</strong></span> <span class='ocrx_word' id='word_1_322' title='bbox 2211 4219 2426 4288; x_wconf 79' lang='lat' dir='ltr'><strong>duplici</strong></span> <span class='ocrx_word' id='word_1_323' title='bbox 2451 4220 2736 4275; x_wconf 45' lang='lat' dir='ltr'><strong>histrionis</strong></span> 
     </span>
     <span class='ocr_line' id='line_1_39' title="bbox 433 4297 2741 4368; baseline -0.002 -12"><span class='ocrx_word' id='word_1_324' title='bbox 433 4301 652 4356; x_wconf 74' lang='lat' dir='ltr'><strong>nomine</strong></span> <span class='ocrx_word' id='word_1_325' title='bbox 680 4298 943 4352; x_wconf 89' lang='lat' dir='ltr'><strong>Paridem</strong></span> <span class='ocrx_word' id='word_1_326' title='bbox 974 4298 1422 4368; x_wconf 86' lang='lat' dir='ltr'><strong>Septentrionem</strong></span> <span class='ocrx_word' id='word_1_327' title='bbox 1588 4306 1651 4352; x_wconf 88' lang='lat'><strong>19</strong></span> <span class='ocrx_word' id='word_1_328' title='bbox 1683 4301 2068 4368; x_wconf 88' lang='lat' dir='ltr'><strong>perpetuoque</strong></span> <span class='ocrx_word' id='word_1_329' title='bbox 2100 4299 2172 4351; x_wconf 90' lang='lat' dir='ltr'><em>M</em></span> <span class='ocrx_word' id='word_1_330' title='bbox 2332 4305 2394 4351; x_wconf 84' lang='lat'><strong>21</strong></span> <span class='ocrx_word' id='word_1_331' title='bbox 2426 4297 2650 4353; x_wconf 87' lang='lat' dir='ltr'><strong>induxit</strong></span> <span class='ocrx_word' id='word_1_332' title='bbox 2679 4302 2741 4352; x_wconf 90' lang='lat' dir='ltr'><em>H</em></span> 
     </span>
     <span class='ocr_line' id='line_1_40' title="bbox 434 4377 2734 4452; baseline -0.001 -16"><span class='ocrx_word' id='word_1_333' title='bbox 434 4382 645 4452; x_wconf 53' lang='lat' dir='ltr'><strong>(uum),</strong></span> <span class='ocrx_word' id='word_1_334' title='bbox 684 4377 896 4431; x_wconf 87' lang='lat' dir='ltr'><strong>indidit</strong></span> <span class='ocrx_word' id='word_1_335' title='bbox 933 4380 1164 4448; x_wconf 74' lang='lat' dir='ltr'><strong>Bentley</strong></span> <span class='ocrx_word' id='word_1_336' title='bbox 1201 4381 1327 4445; x_wconf 77' lang='lat' dir='ltr'><strong>fort.</strong></span> <span class='ocrx_word' id='word_1_337' title='bbox 1365 4385 1501 4433; x_wconf 78' lang='lat' dir='ltr'><strong>recte</strong></span> <span class='ocrx_word' id='word_1_338' title='bbox 1540 4382 1627 4447; x_wconf 76' lang='lat' dir='ltr'><strong>(cf.</strong></span> <span class='ocrx_word' id='word_1_339' title='bbox 1657 4382 1803 4450; x_wconf 68' lang='lat' dir='ltr'><strong>Any.</strong></span> <span class='ocrx_word' id='word_1_340' title='bbox 1828 4384 1899 4433; x_wconf 77' lang='lat'><strong>32</strong></span> <span class='ocrx_word' id='word_1_341' title='bbox 1926 4398 1986 4447; x_wconf 77' lang='lat' dir='ltr'><strong>p.</strong></span> <span class='ocrx_word' id='word_1_342' title='bbox 2020 4384 2107 4445; x_wconf 84' lang='lat'><strong>71,</strong></span> <span class='ocrx_word' id='word_1_343' title='bbox 2137 4382 2228 4449; x_wconf 87' lang='grc'><strong>10)</strong></span> <span class='ocrx_word' id='word_1_344' title='bbox 2391 4395 2653 4433; x_wconf 87' lang='lat' dir='ltr'><strong>neronem</strong></span> <span class='ocrx_word' id='word_1_345' title='bbox 2683 4379 2734 4433; x_wconf 75' lang='lat' dir='ltr'><em>G</em></span> 
     </span>
     <span class='ocr_line' id='line_1_41' title="bbox 434 4459 2733 4528; baseline -0.002 -12"><span class='ocrx_word' id='word_1_346' title='bbox 434 4469 501 4516; x_wconf 84' lang='lat'><strong>25</strong></span> <span class='ocrx_word' id='word_1_347' title='bbox 543 4463 623 4515; x_wconf 90' lang='lat' dir='ltr'><strong>sic</strong></span> <span class='ocrx_word' id='word_1_348' title='bbox 663 4459 893 4528; x_wconf 89' lang='lat' dir='ltr'><strong>quidem</strong></span> <span class='ocrx_word' id='word_1_349' title='bbox 932 4460 1045 4514; x_wconf 82' lang='lat' dir='ltr'><strong>HR</strong></span> <span class='ocrx_word' id='word_1_350' title='bbox 1226 4465 1292 4513; x_wconf 83' lang='lat'><strong>26</strong></span> <span class='ocrx_word' id='word_1_351' title='bbox 1332 4460 1666 4514; x_wconf 85' lang='lat' dir='ltr'><strong>acunculam</strong></span> <span class='ocrx_word' id='word_1_352' title='bbox 1694 4462 1774 4526; x_wconf 74' lang='grc' dir='ltr'><strong>Ω,</strong></span> <span class='ocrx_word' id='word_1_353' title='bbox 1829 4476 1965 4514; x_wconf 82' lang='lat' dir='ltr'><strong>corr.</strong></span> <span class='ocrx_word' id='word_1_354' title='bbox 2014 4466 2142 4527; x_wconf 77' lang='lat' dir='ltr'><strong>post</strong></span> <span class='ocrx_word' id='word_1_355' title='bbox 2186 4459 2511 4514; x_wconf 77' lang='lat' dir='ltr'><strong>Sabellicum</strong></span> <span class='ocrx_word' id='word_1_356' title='bbox 2555 4461 2733 4525; x_wconf 80' lang='lat' dir='ltr'><strong>multi,</strong></span> 
     </span>
     <span class='ocr_line' id='line_1_42' title="bbox 433 4540 1298 4611; baseline -0.006 -13"><span class='ocrx_word' id='word_1_357' title='bbox 433 4541 754 4598; x_wconf 90' lang='lat' dir='ltr'><strong>icunculam</strong></span> <span class='ocrx_word' id='word_1_358' title='bbox 792 4540 1075 4611; x_wconf 64' lang='lat' dir='ltr'><strong>Egnatius</strong></span> <span class='ocrx_word' id='word_1_359' title='bbox 1112 4540 1298 4609; x_wconf 82' lang='lat' dir='ltr'><strong>(Roth)</strong></span> 
     </span>
    </p>
   </div>
  </div>
 </body>
</html>
