3325 5209
1243 371 1582 426 VITELLIV
1584 371 1620 425 S
1660 383 1792 432 [cAP.
1815 384 1937 433 2—7]
2606 373 2735 436 297

441 539 777 603 uoluntate
832 535 1074 621 dispari
1128 540 1194 599 et
1247 535 1737 600 existimatione.
1838 535 1906 599 in
1960 534 2294 619 prouincia
2348 534 2739 622 singularem

443 644 877 709 innocentiam
914 639 1240 726 praestitit
1275 641 1536 706 biennio
1576 639 1976 725 continuate,
2024 663 2171 706 cum
2209 642 2578 707 succedenti
2614 642 2740 706 fra-

443 750 531 816 tri
573 751 829 836 legatus
875 748 1294 834 substitisset3
1340 754 1408 812 at
1453 749 1520 813 in
1567 748 1816 813 urbano
1866 748 2081 812 officio
2122 749 2289 814 dona
2325 753 2518 834 atque
2558 770 2740 813 orna-

444 861 663 922 menta
689 856 1080 941 templorum
1108 855 1505 940 subripuisse
1534 859 1598 920 et
1617 860 2044 920 commutasse
2073 856 2386 940 quaedam
2412 855 2742 920 ferebatur

391 988 416 1028 ε
443 984 689 1049 proque
735 984 891 1026 auro
939 966 1004 1026 et
1049 967 1319 1048 argento
1366 965 1669 1048 stagnum
1716 966 1781 1025 et
1827 962 2262 1027 aurichalcum
2309 963 2737 1048 supposuisse.

622 1069 908 1134 onrem
948 1068 1177 1135 habuit
1222 1068 1592 1134 Petroniam
1640 1068 1996 1133 consularis
2039 1069 2169 1133 uiri
2204 1068 2408 1134 ffliam
2445 1074 2510 1134 et
2547 1091 2625 1133 ex
2663 1092 2736 1133 ea
2765 1068 2813 1133 6

445 1177 652 1241 filium
707 1176 1165 1241 Petronianum
1226 1181 1486 1260 captum
1545 1177 1750 1240 altero
1808 1176 2016 1241 ocu10.
2117 1175 2289 1240 hunc
2343 1176 2643 1242 heredem
2705 1200 2742 1241 a

446 1286 651 1347 matre
707 1283 825 1348 sub
875 1283 1248 1348 condicione
1292 1284 1683 1366 institutum,
1738 1283 1792 1347 si
1840 1283 1916 1346 de
1962 1287 2284 1367 potestate
2329 1283 2535 1367 patris
2582 1285 2741 1348 exis-

448 1393 564 1473 set,
609 1413 805 1455 manu
841 1390 1054 1454 emisit
1092 1389 1418 1474 breuique,
1464 1394 1539 1454 ut
1576 1389 1892 1454 creditum
1931 1394 2047 1473 est,
2092 1390 2440 1474 interemit,
2476 1390 2742 1456 insimu-

368 1521 421 1561 ιο
446 1497 651 1561 latum
697 1499 960 1581 insuper
1003 1496 1331 1581 parricidii
1377 1501 1442 1561 et
1489 1496 1673 1580 quasi
1717 1501 2015 1581 paratum
2062 1496 2142 1560 ad
2180 1498 2388 1561 scelus
2423 1518 2743 1562 uenenum

448 1626 527 1671 ex
600 1604 991 1668 conscientia
1036 1602 1395 1667 hausisset.
1504 1603 1690 1667 duxit
1768 1625 1921 1667 mox
1987 1601 2305 1668 Galeriam
2367 1603 2744 1669 Fundanam
2843 1649 2849 1655 -

446 1711 772 1797 praetorio
840 1713 1026 1794 patre
1096 1730 1169 1773 ac
1227 1709 1305 1773 de
1363 1709 1485 1774 hac
1543 1731 1802 1793 quoque
1859 1708 2100 1774 liberos
2157 1711 2496 1796 utriusque
2556 1734 2746 1776 sexus

448 1818 629 1900 tulit,
685 1815 795 1880 sed
848 1837 1092 1880 marem
1150 1816 1499 1880 titubantia
1554 1817 1685 1879 oris
1742 1837 1944 1900 prope
1990 1820 2243 1881 mutum
2290 1823 2355 1882 et
2402 1819 2744 1906 elinguem.

627 1921 690 1987 A
728 1922 933 1987 Galba
969 1923 1038 1986 in
1074 1922 1444 1987 inferiorem
1475 1921 1884 1986 Germaniam
1925 1928 2146 1987 contra
2184 1923 2553 2008 opinionem
2590 1926 2740 1990 mis·
2773 1920 2812 1985 '7

373 2054 424 2093 15
452 2049 560 2094 sus
608 2034 721 2094 est.
805 2030 1098 2094 adiutum
1142 2032 1375 2113 putant
1421 2028 1489 2093 Τ.
1520 2028 1677 2093 Vini
1725 2030 2052 2114 suffragiO,
2113 2035 2270 2095 tunc
2312 2032 2748 2115 potentissimi

453 2140 517 2200 et
564 2137 667 2201 cui
712 2139 841 2202 iam
886 2136 1134 2222 pridem
1179 2158 1295 2220 per
1340 2157 1741 2201 communem
1788 2136 2091 2200 factionis
2129 2136 2413 2201 Venetae
2457 2138 2750 2203 fauorem

454 2245 831 2309 conciliatus
878 2246 1073 2328 esset3
1119 2244 1247 2307 nisi
1295 2243 1467 2327 quod
1513 2241 1723 2307 Galba
1764 2264 1918 2326 prae
1965 2265 2031 2306 se
2077 2243 2231 2308 tulit
2273 2243 2488 2308 nullos
2535 2244 2748 2309 minus

452 2351 829 2416 metuendos
887 2373 1078 2434 quam
1126 2350 1238 2435 qui
1284 2350 1361 2413 de
1407 2351 1545 2414 solo
1591 2349 1772 2414 uictu
1820 2350 2196 2436 cogitarent,
2251 2372 2324 2413 ac
2368 2371 2560 2434 posse
2605 2373 2751 2435 pro-

452 2458 840 2523 uincialibus
899 2458 1102 2541 copiis
1161 2457 1545 2541 profundam
1606 2457 1825 2542 gulam
1888 2456 2024 2520 eius
2085 2457 2347 2542 expleri,
2411 2463 2484 2523 ut
2545 2457 2750 2522 cuiuis

373 2588 425 2627 20
455 2565 715 2630 euidens
795 2566 881 2629 sit
946 2567 1319 2648 contemptu
1383 2565 1589 2650 magis
1654 2586 1848 2647 quam
1915 2564 2126 2648 gratia
2188 2564 2482 2633 electum.
2593 2565 2749 2629 satis
2788 2575 2821 2622 2

455 2675 707 2737 constat
762 2672 1013 2736 exituro
1074 2671 1385 2734 uiaticum
1433 2671 1726 2753 defuisse,
1782 2675 1963 2735 tanta
2009 2675 2294 2757 egestate
2339 2672 2432 2736 rei
2478 2671 2750 2736 familia-

454 2779 561 2861 riS,
619 2783 695 2842 ut
752 2800 951 2841 uxore
1007 2783 1072 2842 et
1125 2777 1364 2860 liberis,
1423 2798 1585 2859 quos
1635 2776 1876 2843 Romae
1923 2777 2354 2862 relinquebat,
2418 2780 2749 2844 meritorio

456 2884 756 2949 cenaculo
812 2884 1046 2948 abditis
1102 2884 1363 2949 domum
1420 2884 1486 2947 in
1542 2883 1862 2966 reliquam
1918 2890 2169 2968 partem
2226 2885 2379 2948 anni
2425 2885 2751 2950 ablocaret

454 2997 658 3075 utque
704 3014 783 3055 ex
830 3013 981 3055 aure
1028 2992 1252 3055 matris
1299 2991 1653 3055 detractum
1702 2993 2008 3055 unionem
2054 2992 2493 3077 pignerauerit
2530 2992 2611 3056 ad
2647 2993 2751 3056 iti—

377 3119 427 3159 25
454 3100 627 3163 neris
681 3099 1020 3182 impensas.
1122 3097 1509 3162 creditorum
1572 3097 1831 3181 quidem
1886 3099 2419 3181 praestolantium
2477 3119 2551 3161 ac
2597 3094 2751 3162 deti·

454 3205 747 3269 nentium
806 3205 1063 3269 turbam
1127 3208 1192 3268 et
1251 3204 1321 3268 in
1378 3204 1458 3268 iis
1510 3191 1944 3284 'Sinuessanos
2005 3204 2529 3289 Formianosque,
2596 3227 2753 3288 quo-

457 3333 601 3374 rum
630 3312 889 3394 publica
915 3310 1260 3397 uectigalia
1288 3311 1758 3394 interuerterat,
1792 3333 1926 3376 non
1953 3312 2078 3375 nisi
2115 3317 2359 3377 terrore
2398 3312 2754 3378 calumniae

458 3417 730 3500 amouit,
800 3439 946 3481 cum
1015 3417 1319 3482 libertino
1380 3417 1631 3483 cuidam
1693 3417 1985 3483 acerbius
2047 3418 2334 3483 debitum
2392 3420 2753 3503 reposcenti

457 3525 837 3589 iniuriarum
883 3523 1248 3607 formulam,
1294 3524 1476 3607 quasi
1523 3525 1697 3588 calce
1735 3524 1817 3589 ab
1856 3546 1931 3589 eo
1968 3545 2327 3610 percussuS,
2374 3526 2755 3591 intendisset

378 3653 431 3692 so
457 3652 575 3695 nec
620 3631 807 3696 aliter
856 3653 1051 3714 quam
1098 3631 1368 3695 extortis
1416 3631 1893 3716 quinquaginta
1939 3632 2252 3697 sestertiis
2297 3633 2665 3696 remisisset.

603 3795 634 3842 2
674 3788 938 3843 continuo
979 3789 1233 3844 Reor-us.
1417 3792 1447 3838 3
1486 3787 1806 3842 subtitisset
1836 3790 1931 3857 M,
1983 3788 2323 3844 substitutus
2371 3791 2518 3843 esset
2545 3794 2623 3855 X,
2679 3792 2758 3844 sic

464 3868 734 3923 Graevius
788 3870 1060 3924 coniciens
1114 3867 1407 3922 decedenti
1454 3885 1560 3937 pro
1617 3868 1940 3922 succedenti
2174 3874 2207 3921 4
2260 3869 2671 3924 contaminasse
2705 3870 2758 3924 G

462 3957 493 4001 5
533 3950 815 4002 stamnum
856 3948 924 4016 G,
980 3951 1241 4002 stannum
1279 3948 1396 4008 11²3
1433 3954 1484 4003 et
1518 3949 1637 4003 edd.
1867 3949 2264 4004 aurochalcum
2301 3949 2644 4018 (·chalchum
2686 3949 2758 4020 G)

465 4028 645 4084 MGL
789 4034 856 4082 10
885 4031 942 4082 et
968 4034 1272 4097 suspectum
1300 4028 1549 4083 Bentleio
1696 4035 1759 4082 11
1791 4028 1982 4083 hausit
2008 4034 2077 4097 X,
2113 4029 2376 4083 habuisse
2407 4033 2469 4082 H
2604 4028 2758 4100 gale-

458 4109 679 4163 rianam
713 4112 763 4164 'P
915 4109 1212 4162 fundatam
1243 4108 1295 4162 G
1468 4113 1535 4163 14
1570 4109 1631 4161 in
1669 4126 1771 4164 om.
1812 4109 2128 4179 11¹QPS¹N
2135 4109 2153 4140 ¹
2301 4114 2366 4163 15
2402 4109 2526 4162 uini
2562 4111 2761 4165 notaui

460 4206 527 4244 ex
555 4190 608 4245 L
635 4192 733 4260 qui
759 4191 821 4244 in
848 4191 1054 4245 talibus
1077 4191 1186 4258 fide
1213 4195 1377 4256 earet,
1404 4188 1524 4242 iuni
1546 4189 1755 4257 MPS¹‚
1783 4190 1926 4243 iunii
1953 4191 2065 4256 rel„
2095 4207 2231 4244 corr.
2270 4191 2422 4244 Torr.
2453 4190 2542 4260 (ef.
2577 4190 2758 4245 Galba

462 4274 547 4337 14,
573 4273 634 4340 2)
771 4314 776 4319 .
807 4277 873 4325 16
910 4271 992 4341 et]
1037 4271 1103 4323 ut
1140 4271 1373 4339 Bentley
1545 4269 1808 4324 factionis
1845 4269 2117 4343 Venetae]
2154 4269 2496 4344 factionisue
2524 4272 2593 4339 L,
2631 4272 2760 4325 inde

458 4350 724 4405 factionis
754 4368 887 4405 suae
915 4353 1055 4421 (sue)
1084 4350 1285 4406 POST
1308 4357 1360 4406 et
1386 4368 1419 4409 ς
1450 4351 1685 4418 plwrimi
1830 4356 1895 4404 19
1927 4351 2084 4405 cuius
2112 4355 2172 4406 X
2194 4353 2327 4421 (non
2362 4353 2433 4421 Τ)
2581 4356 2648 4404 20
2685 4351 2763 4404 sit

460 4448 560 4486 om.
595 4432 647 4487 G
770 4437 838 4486 23
876 4430 1153 4486 ablocarit
1180 4432 1427 4501 Bentley,
1468 4429 1755 4485 oblocaret
1781 4431 2084 4486 Sabellicus
2111 4432 2201 4501 (ef.
2231 4432 2342 4485 Iul.
2371 4434 2468 4501 26)
2579 4436 2647 4483 24
2673 4431 2760 4501 pi-

459 4515 722 4583 gneraret
748 4514 816 4568 N
952 4519 1019 4567 25
1060 4511 1424 4567 creditorium
1454 4514 1529 4566 M
1668 4528 1733 4564 ac
1766 4517 1890 4582 post
1926 4510 2155 4579 quidem
2192 4512 2325 4567 add.
2357 4511 2409 4565 G
