3325 5209
1080 399 1299 454 DIVVS
1337 399 1833 454 VESPASIANVS
1872 410 2004 459 [cAP.
2032 410 2157 460 4—5]
2641 398 2768 462 311

478 567 710 648 ferunt,
754 563 1117 648 haruspicio
1164 564 1428 647 insuper
1464 563 1934 645 confirmatum,
1978 561 2378 626 renuntiasse
2415 563 2624 644 matri,
2668 584 2775 625 ne-

479 677 700 758 potem
747 673 804 736 ei
854 671 1185 736 Caesarem
1233 672 1553 754 genitumt,
1599 692 1717 734 nec
1762 670 1940 735 illam
1980 671 2328 754 quicquam
2365 668 2541 733 aliud
2579 691 2775 752 quam

483 778 920 862 cachinnasse,
988 779 1326 841 mirantem
1395 777 1597 861 quod
1653 777 1896 841 adhuc
1959 800 2033 841 se
2087 776 2369 841 mentis
2426 780 2775 859 compote

480 885 849 950 deliraret
894 886 1042 949 iam
1088 884 1313 948 filius
1362 905 1558 948 suus.

431 1017 455 1056 5
662 990 835 1071 Mox,
899 1012 1045 1056 cum
1112 990 1381 1055 aedilem
1447 1012 1592 1053 eum
1661 989 1729 1054 C.
1796 988 2053 1074 Caesar,
2119 1011 2494 1054 succensens
2560 1009 2776 1052 curam
2815 1006 2847 1052 3

481 1098 807 1162 uerrendis
855 1097 980 1162 uiis
1027 1119 1158 1161 non
1204 1096 1577 1179 adhibitam,
1636 1098 1778 1160 luto
1835 1097 2126 1161 iussisset
2171 1097 2423 1180 oppleri
2470 1098 2777 1181 congesto

483 1227 598 1289 per
642 1204 880 1269 milites
926 1204 993 1268 in
1038 1208 1407 1288 praetextae
1455 1205 1693 1286 sinum,
1747 1226 1880 1268 non
1925 1202 2267 1268 defuerunt
2313 1202 2425 1285 qui
2472 1202 2780 1286 interpre-

482 1315 788 1395 tarentur,
850 1311 1231 1395 quandoque
1280 1312 1730 1395 >proculcatam
1793 1310 2238 1394 desertamque
2297 1328 2430 1373 rem
2493 1332 2555 1393 p.
2595 1308 2781 1401 'ciuili

483 1417 698 1501 aliqua
743 1417 1224 1502 perturbatione
1270 1418 1336 1481 in
1384 1417 1655 1482 tutelam
1705 1418 1841 1481 eius
1891 1439 1965 1481 ac
1999 1416 2182 1482 uelut
2218 1416 2286 1480 in
2322 1416 2641 1502 gremium
2681 1415 2782 1478 de-

404 1550 456 1590 10
483 1528 841 1588 uenturam.

661 1629 1024 1693 Prandente
1082 1651 1156 1693 eo
1216 1630 1539 1713 quondam
1602 1630 1779 1696 canis
1828 1631 2145 1695 extrarius
2194 1653 2228 1693 e
2274 1630 2470 1695 triuio
2517 1651 2781 1693 manum
2820 1647 2853 1693 4

482 1737 830 1800 humanam
905 1736 1129 1799 intulit
1198 1759 1579 1821 mensaeque
1649 1738 1939 1802 subiecit.
2045 1742 2313 1803 cenante
2381 1758 2603 1800 rursus
2663 1735 2781 1800 bos

485 1847 701 1907 arator
770 1842 1034 1905 decusso
1104 1842 1257 1926 iugo
1328 1841 1680 1905 triclinium
1744 1843 1977 1926 irrupit
2036 1864 2109 1907 ac
2169 1842 2412 1928 fugatis
2474 1843 2785 1906 ministris

487 1951 668 2032 quasi
731 1952 993 2032 repente
1054 1948 1338 2013 defessus
1395 1948 1676 2032 procidit
1736 1948 1816 2012 ad
1871 1950 2045 2033 ipsos
2105 1948 2543 2013 accumbentis
2590 1949 2781 2032 pedes

407 2082 458 2122 15
488 2057 933 2139 ceruicemque
980 2055 1317 2119 summisit.
1410 2054 1605 2119 arbor
1651 2077 1907 2139 quoque
1945 2076 2283 2139 cupressus
2313 2057 2382 2119 in
2419 2076 2573 2139 agro
2607 2055 2781 2119 auito

489 2165 624 2227 sine
671 2164 803 2226 ulla
849 2162 918 2227 ui
964 2164 1364 2247 tempestatis
1412 2161 1634 2226 euulsa
1681 2162 1987 2226 radicitus
2034 2165 2227 2245 atque
2263 2166 2587 2245 prostrata
2624 2164 2786 2225 inse-

492 2271 718 2353 quenti
765 2269 865 2332 die
912 2269 1184 2333 uiridior
1231 2291 1303 2333 ac
1348 2270 1598 2334 firmior
1644 2270 2010 2333 resurrexit.
2099 2341 2102 2344 ,

666 2376 756 2440 At
813 2378 882 2439 in
936 2374 1184 2441 Achaia
1240 2378 1592 2441 somniauit
1649 2377 1909 2439 initium
1964 2375 2092 2439 sibi
2147 2375 2408 2458 suisque
2454 2374 2786 2438 felicitatis
2824 2391 2857 2440 5

489 2484 800 2565 futurum,
847 2483 1040 2546 simul
1087 2504 1161 2547 ac
1207 2482 1361 2546 dens
1406 2483 1654 2548 Neroni
1703 2486 2038 2567 exemptus
2086 2486 2278 2566 esset3
2324 2481 2666 2564 euenitque
2712 2483 2786 2543 ut

412 2618 463 2656 20
492 2591 781 2674 sequenti
839 2589 940 2653 die
995 2612 1372 2676 progressus
1433 2591 1500 2654 in
1555 2591 1791 2655 atrium
1840 2588 2123 2653 medicus
2171 2589 2424 2652 dentem
2472 2589 2528 2651 ei
2580 2591 2786 2650 osten-

492 2697 668 2761 deret
713 2699 1096 2779 tantumque
1145 2696 1314 2779 quod
1362 2701 1748 2781 exemptum.

668 2802 864 2888 Apud
898 2802 1198 2867 Iudaeam
1232 2801 1507 2867 Carmeli
1545 2804 1645 2867 dei
1687 2804 2013 2868 oraculum
2054 2804 2491 2867 consulentem
2521 2804 2614 2865 ita
2642 2823 2787 2864 con·
2827 2819 2858 2867 6

490 2912 830 2973 firmauere
895 2913 1128 2993 sortes,
1202 2914 1276 2973 ut
1340 2911 1652 2994 quidquid
1719 2912 2033 2996 cogitaret
2092 2910 2511 2991 uolueretque
2575 2909 2787 2971 animo

493 3015 851 3100 quamlibet
915 3038 1240 3101 magnum,
1304 3017 1370 3079 id
1437 3038 1574 3080 esse
1639 3021 2104 3100 prouenturum
2170 3016 2661 3100 pollicerentur3
2726 3019 2789 3078 et

413 3151 464 3191 25
491 3145 659 3187 unus
707 3145 786 3187 ex
839 3122 1170 3186 nobilibus
1229 3123 1501 3206 captiuis
1546 3121 1877 3208 IosephuS‚
1936 3146 2081 3187 cum
2139 3125 2493 3187 coiceretur
2538 3124 2606 3186 in
2653 3122 2790 3184 uin-

496 3230 657 3313 cula,
714 3230 1232 3295 constantissime
1280 3232 1674 3293 asseuerauit
1720 3230 1860 3294 fore
1917 3235 1990 3293 ut
2035 3230 2116 3294 ab
2164 3230 2389 3293 eodem
2436 3228 2619 3293 breui
2670 3230 2790 3292 sol-

493 3340 769 3419 ueretur,
833 3358 1059 3399 uerum
1125 3337 1252 3400 iam
1318 3338 1721 3420 imperatore.
1830 3337 2298 3401 nuntiabantur
2363 3341 2424 3399 et
2491 3359 2567 3400 ex
2633 3336 2788 3398 urbe
2830 3353 2859 3400 7

493 3443 853 3528 praesagia:
900 3442 1224 3507 Neronem
1274 3442 1499 3505 diebus
1547 3441 1796 3523 ultimis
1843 3445 2162 3508 monitum
2210 3465 2325 3527 per
2373 3444 2672 3525 quietem,
2718 3445 2792 3504 ut

494 3554 740 3612 tensam
788 3547 963 3612 Iouis
1012 3545 1258 3632 Optimi
1296 3548 1564 3613 Maximi
1613 3571 1645 3612 e
1686 3550 1960 3613 sacrario
2000 3552 2069 3613 in
2107 3550 2369 3613 domum
2408 3547 2790 3633 Vespasiani

639 3785 704 3832 22
760 3797 815 3833 u.
866 3778 941 3831 ad
978 3794 1037 3845 p.
1077 3782 1204 3842 309,
1233 3782 1307 3831 25
1518 3783 1584 3830 25
1646 3777 1797 3831 Or08.
1840 3780 1960 3832 VII
1992 3783 2097 3845 9,3
2142 3778 2385 3832 maxime
2432 3777 2657 3846 Iosephi
2704 3777 2792 3829 Iu·

495 3859 761 3912 daeorum
808 3858 965 3911 ducis
1013 3858 1317 3923 sententia,
1377 3858 1473 3925 qui
1527 3861 1728 3926 captus
1777 3875 1903 3910 cum
1948 3858 2008 3911 in
2054 3857 2243 3911 uincla
2291 3858 2615 3924 coiceretur,
2664 3873 2792 3910 con-

497 3938 840 3993 stantissime
880 3938 1125 4006 dixerat,
1165 3939 1313 3991 sicut
1349 3938 1649 3992 Suetonius
1697 3938 1894 4005 refert,
1942 3939 2207 3992 continuo
2248 3955 2306 3992 se
2345 3939 2417 3992 ab
2457 3938 2655 3992 eodem
2694 3936 2794 3991 sed

495 4020 833 4088 imperatore
890 4018 1220 4072 soluendum
1270 4020 1426 4087 (VII
1469 4024 1521 4084 9,
1553 4023 1587 4071 7
1632 4020 1864 4087 propter
1904 4019 2258 4086 praedictum
2294 4018 2631 4087 imperium).

641 4231 672 4278 5
701 4242 998 4279 succensus
1020 4226 1215 4290 MLP,
1254 4223 1497 4277 offensus
1528 4227 1761 4294 Bentley
1908 4230 1973 4278 14
2001 4224 2180 4293 ipsius
2206 4241 2238 4283 ς
2386 4229 2450 4277 17
2483 4223 2721 4277 surrexit
2743 4224 2795 4278 G

498 4311 563 4359 18
602 4305 675 4359 Et
706 4306 809 4375 GQ
954 4311 1018 4357 21
1059 4305 1393 4373 tantumque
1422 4305 1573 4374 quod
1604 4304 1941 4374 MGLPQB,
1979 4307 2230 4357 recenter
2253 4305 2403 4373 quod
2435 4305 2506 4370 R,
2542 4306 2796 4357 recenter

499 4386 696 4453 11¹ST,
753 4389 1004 4441 recenter
1041 4384 1272 4453 quidem
1311 4385 1411 4452 11²,
1466 4387 1689 4439 tantum
1728 4385 1879 4453 quod
1918 4402 1951 4443 ς
2128 4390 2195 4437 24
2234 4386 2380 4438 esset
2421 4384 2472 4438 G
2509 4385 2650 4454 (edd.
2687 4390 2790 4437 πεῖ.

487 4469 696 4536 plur-ee,
726 4466 977 4532 Salmas„
1007 4467 1259 4535 Bentley)
1396 4465 1456 4517 id
1476 4471 1606 4532 post
1630 4468 2032 4534 prouenturum
2061 4465 2224 4518 iterat
2256 4464 2307 4518 G
2440 4469 2505 4517 25
2535 4463 2793 4532 captiuus

500 4548 613 4602 HR
722 4547 947 4614 iosepus
981 4549 1056 4600 M
1160 4552 1224 4599 27
1256 4545 1581 4614 imperatori
1604 4545 1785 4609 MGa,
1826 4544 1896 4597 ab
1926 4545 2263 4613 imperatore
2292 4546 2341 4597 Τ
2446 4546 2503 4598 et
2530 4561 2630 4596 om.
2653 4543 2803 4596 PST
