3325 5209
558 402 690 466 332
1253 403 1309 458 c.
1350 402 1664 457 SVETONI
1703 402 2148 467 TRANQVILLI

486 584 518 630 3
734 565 1025 631 Fratrem
1070 566 1360 631 insidiari
1408 567 1532 631 sibi
1577 588 1710 630 non
1748 566 2159 649 desinentem,
2208 566 2319 630 sed
2355 589 2558 652 paene
2596 589 2675 631 ex
2710 589 2859 651 pro·

556 673 727 738 fesso
770 674 1219 738 sollicitantem
1250 673 1589 756 exercitus,
1626 673 2038 737 meditantem
2067 674 2306 758 fugam,
2336 696 2542 757 neque
2572 673 2858 738 occidere

557 802 765 864 neque
795 801 1100 864 seponere
1129 802 1204 845 ac
1230 802 1312 845 ne
1341 780 1411 843 in
1437 781 1687 844 minore
1714 779 1970 862 quidem
1999 780 2243 845 honore
2270 780 2507 844 habere
2534 780 2859 863 sustinuit,

560 888 687 969 sed,
731 891 806 952 ut
842 910 880 951 a
915 887 1123 974 primo
1163 887 1416 971 imperii
1462 886 1582 971 die,
1629 892 1989 952 consortem
2031 908 2588 971 successoremque
2634 887 2859 952 testari

558 994 1010 1079 perseuerauit,
1055 1016 1534 1077 nonnumquam
1584 998 1828 1058 secreto
1875 993 2174 1078 precibus
2212 998 2277 1058 et
2323 995 2601 1058 lacrimis
2650 1017 2858 1078 orans,
2913 1021 2947 1060 ⁵

459 1099 645 1166 lout
680 1101 982 1165 tandem
1018 1105 1280 1165 mutuo
1330 1121 1508 1185 erga
1555 1123 1632 1164 se
1672 1100 1918 1165 animo
1957 1099 2199 1165 uellet
2236 1122 2418 1165 esse.
2500 1101 2667 1167 inter
2703 1101 2860 1165 haec

559 1211 766 1272 morte
812 1211 1197 1292 praeuentus
1246 1211 1345 1271 est
1389 1209 1632 1272 maiore
1680 1206 2016 1272 hominum
2062 1207 2293 1273 damno
2344 1230 2535 1291 quam
2582 1230 2717 1272 su0.

741 1310 1135 1398 Spectaculis
1174 1314 1508 1397 absolutis,
1557 1315 1625 1377 in
1663 1336 1937 1397 quorum
1973 1314 2100 1377 fine
2137 1316 2380 1399 populo
2420 1335 2635 1379 coram
2681 1315 2860 1378 uber-

560 1422 679 1484 tim
716 1421 996 1505 fleuerat,
1045 1419 1317 1486 Sabinos
1355 1422 1521 1505 petit
1563 1421 1893 1505 aliquanto
1943 1422 2207 1506 tristior,
2255 1422 2427 1506 quod
2473 1420 2859 1487 sacrificanti

561 1528 774 1592 hostia
821 1527 1159 1612 aufugerat
1207 1529 1505 1611 quodque
1551 1532 1935 1611 tempestate
1975 1550 2199 1593 serena
2231 1531 2549 1594 tonuerat.
2634 1527 2858 1591 deinde
2889 1554 2949 1593 ιοι

565 1635 643 1699 ad
679 1635 950 1718 primam
990 1636 1209 1698 statim
1245 1637 1639 1699 mansionem
1678 1635 1908 1699 febrim
1944 1640 2238 1718 nanctus,
2287 1658 2430 1700 cum
2459 1634 2607 1699 inde
2634 1634 2862 1699 lectica

562 1741 1035 1825 transferretur,
1082 1743 1446 1825 suspexisse
1483 1741 1721 1807 dicitur
1767 1742 2029 1807 dimotis
2077 1743 2338 1826 pallulis
2387 1742 2649 1824 caelum,
2703 1740 2862 1804 mul-

563 1854 832 1932 tumque
892 1852 1279 1931 conquestus
1339 1850 1538 1933 eripi
1595 1849 1748 1913 sibi
1802 1849 2039 1913 uitam
2096 1849 2555 1932 immerenti3
2618 1869 2862 1931 neque

566 1957 763 2019 enim
802 1959 1062 2019 extare
1099 1955 1338 2019 ullum
1379 1977 1594 2019 suum
1633 1955 1919 2020 factum
1957 1955 2502 2039 paenitendum
2540 1959 2861 2037 excepto

498 2079 527 2125 2
568 2062 739 2126 dum
784 2066 1000 2126 taxat
1054 2084 1219 2127 uno.
1310 2062 1377 2126 id
1425 2061 1611 2146 quale
1658 2063 1879 2146 fuerit,
1940 2085 2150 2146 neque
2197 2062 2333 2146 ipse
2381 2067 2534 2125 tunc
2580 2061 2866 2146 prodidit
2898 2088 2953 2127 ιε

565 2191 775 2252 neque
831 2170 1129 2251 cuiquam
1183 2168 1372 2235 facile
1429 2173 1778 2234 succurrat.
1880 2169 2139 2253 quidam
2201 2169 2546 2253 opinantur
2604 2190 2864 2232 consue-

566 2276 855 2340 tudinem
910 2276 1345 2359 recordatum,
1406 2298 1598 2359 quam
1662 2298 1807 2340 cum
1863 2276 2082 2339 fratris
2130 2297 2326 2341 uxore
2371 2275 2692 2359 habuerit3
2756 2273 2865 2338 sed

567 2383 810 2447 nullam
869 2382 1174 2447 habuisse
1233 2387 1566 2466 persancte
1626 2382 1914 2446 Domitia
1972 2382 2250 2464 iurabat,
2308 2381 2481 2445 haud
2539 2386 2866 2466 negatura,

570 2492 625 2554 si
655 2513 781 2574 qua
809 2491 1067 2555 omnino
1099 2490 1342 2572 fuisset,
1380 2490 1577 2553 immo
1613 2491 1805 2553 etiam
1846 2489 2217 2574 gloriatura,
2265 2489 2434 2573 quod
2473 2490 2571 2552 illi
2607 2510 2865 2572 promp-

567 2597 888 2667 tissimum
934 2601 1069 2660 erat
1117 2598 1181 2659 in
1231 2596 1524 2660 omnibus
1575 2596 1849 2679 probris
2894 2623 2954 2661 so

467 2700 553 2769 ll
748 2704 1043 2767 Excessit
1098 2704 1166 2766 in
1221 2703 1438 2767 eadem
1500 2725 1625 2785 qua
1684 2707 1868 2787 pater
1923 2705 2080 2767 uilla
2137 2702 2226 2766 Id.
2277 2701 2448 2786 Sept.
2496 2706 2647 2785 post
2692 2701 2866 2765 bien-

569 2812 750 2875 nium
814 2832 887 2875 ac
946 2831 1194 2874 menses
1252 2810 1416 2874 duos
1479 2795 1755 2892 diesque*
1788 2809 1908 2873 XX
1967 2832 2156 2893 quam
2225 2813 2615 2874 successerat
2677 2808 2866 2892 patri,

719 2976 744 3021 1
786 2970 942 3037 Epit.
974 2972 1060 3033 10,
1079 2973 1147 3021 11
1186 2967 1417 3021 fratrem
1455 2984 1677 3035 quoque
1709 2967 2094 3020 Domitianum
2122 2968 2419 3035 parantem
2457 2965 2691 3019 insidias
2720 2964 2866 3017 mili-

571 3052 804 3116 tumque
844 3049 1059 3102 animos
1097 3047 1496 3101 sollicitantem
1533 3048 1672 3100 flens
1711 3047 1934 3116 saepius
1972 3048 2287 3100 obtestatus
2326 3050 2428 3112 est,
2465 3063 2535 3099 ne
2564 3045 2865 3114 parricidio

573 3128 808 3197 adsequi
838 3131 1083 3196 cuperet,
1118 3128 1269 3195 quod
1297 3130 1353 3179 et
1383 3144 1439 3180 se
1468 3127 1695 3180 uolente
1730 3128 1877 3180 esset
1905 3126 2279 3179 obuenturum
2309 3127 2361 3180 ei
2390 3129 2446 3181 et
2474 3128 2588 3178 iam
2615 3125 2866 3191 haberet,

576 3226 702 3262 cum
739 3209 814 3261 sit
840 3210 1123 3276 particeps
1153 3208 1469 3276 potestatis.
1621 3212 1649 3259 7
1690 3209 1924 3274 Eutrop.
1969 3208 2090 3260 VII
2117 3211 2210 3272 22,
2230 3213 2260 3260 1
2301 3223 2401 3274 per
2428 3207 2567 3261 haec
2595 3206 2872 3258 inusitato-

572 3289 768 3342 fauore
799 3289 1038 3343 dilectus
1067 3288 1250 3356 periit.
1393 3294 1454 3340 11
1497 3289 1653 3355 Epit.
1688 3293 1775 3352 10,
1797 3292 1865 3341 15
1905 3286 2049 3340 febri
2079 3288 2296 3340 interiit
2324 3288 2538 3357 (Victor
2560 3287 2708 3341 anS.
2731 3291 2817 3350 10,
2834 3289 2868 3338 5

573 3371 828 3437 ueneno).
992 3375 1056 3423 13
1104 3370 1313 3422 Auson.
1342 3372 1471 3432 271,
1493 3372 1527 3421 3
1572 3385 1744 3420 unum
1785 3367 1979 3420 dixisti
2015 3368 2257 3420 moriens
2294 3369 2351 3420 te
2392 3368 2598 3420 crimen
2635 3365 2869 3419 habere:

576 3449 675 3503 sed
712 3449 857 3501 nulli
896 3451 964 3502 de
1001 3452 1075 3515 te,
1112 3465 1215 3501 nec
1248 3448 1355 3501 tibi
1386 3448 1738 3501 credidimus.
1888 3452 1953 3499 21
1995 3449 2231 3516 Eutrop.
2273 3450 2395 3502 VII
2422 3452 2515 3513 22,
2544 3452 2574 3499 1
2614 3446 2783 3514 periit
2809 3446 2871 3498 in

576 3546 660 3597 ea,
700 3544 813 3597 qua
849 3531 1026 3596 pater,
1063 3528 1205 3580 uilla
1241 3532 1371 3597 post
1406 3528 1696 3581 biennium
1724 3530 1782 3581 et
1808 3543 2026 3580 menses
2057 3530 2182 3580 octo
2213 3528 2373 3596 (duos
2404 3529 2710 3594 Εηπιαηπ),
2750 3526 2869 3579 dies

577 3610 828 3679 (diesque
839 3608 887 3677 ἓ)
924 3608 1157 3678 uiginti,
1197 3625 1368 3677 quam
1406 3609 1713 3676 imperator
1750 3610 1870 3661 erat
1906 3608 2118 3673 factus,
2169 3609 2373 3661 aetatis
2412 3623 2557 3661 anno
2598 3606 2774 3660 altero
2813 3608 2875 3660 et

578 3689 1025 3759 quadragesimo.
1096 3690 1227 3744 Vv'et.
1260 3690 1411 3743 Caes,
1442 3695 1529 3755 10,
1553 3693 1585 3742 5
1622 3687 1851 3741 biennio
1889 3690 2019 3756 post
2058 3705 2123 3741 ac
2160 3705 2379 3743 menses
2417 3688 2535 3742 fere
2562 3702 2762 3739 nouem

578 3769 795 3824 interiit
832 3787 977 3822 anno
1016 3768 1145 3822 aeui
1190 3769 1634 3839 quadragesima
1712 3770 1866 3837 Epit.
1900 3774 1987 3834 10,
2010 3774 2039 3821 1
2088 3768 2390 3837 imperauit
2426 3784 2598 3821 annos
2637 3767 2775 3819 duos
2814 3768 2875 3819 et

576 3866 794 3905 menses
834 3849 973 3902 duos
1012 3849 1244 3917 diesque
1281 3849 1505 3919 uiginti.
1582 3854 1670 3914 10,
1699 3855 1759 3901 15
1797 3847 1942 3901 uixit
1979 3864 2153 3901 annos
2192 3848 2571 3918 quadraginta
2607 3864 2780 3899 unum
2814 3847 2872 3899 et

722 3999 753 4047 3
791 3992 1084 4046 imminore
1116 3994 1201 4058 Μ,
1238 3990 1568 4045 imminuere
1615 3993 1662 4042 'I’
1788 3991 1994 4045 habere
2032 4008 2132 4045 om.
2162 3994 2212 4043 Y
2351 3997 2382 4043 5
2419 3989 2697 4059 precipib:
2731 3990 2807 4042 M

577 4073 825 4128 lacrimis
856 4074 913 4127 et
944 4072 1203 4142 precibus
1231 4075 1279 4124 Τ
1303 4073 1495 4143 (uuly.)
1557 4128 1560 4129 ⁷
1641 4076 1673 4122 6
1711 4073 1928 4124 mutato
1961 4071 2157 4125 Modd.
2306 4075 2372 4124 10
2410 4069 2702 4138 aufegerat
2732 4069 2808 4121 M

584 4162 645 4207 11
685 4154 901 4209 febrem
933 4154 983 4207 G
1012 4154 1111 4221 (sic
1152 4152 1286 4207 Otho
1315 4158 1349 4206 6
1372 4155 1443 4221 Ω)
1588 4157 1652 4204 12
1692 4150 1921 4219 pallulis
1953 4152 2184 4216 MLPe,
2221 4149 2469 4218 palludis
2504 4149 2572 4215 G,
2608 4147 2877 4216 paludib,

588 4238 654 4300 Τ,
710 4233 1126 4302 paludamentis
1165 4232 1427 4300 (palude-
1471 4234 1533 4300 Ο)
1578 4231 1725 4286 081⁷
1754 4239 1802 4285 et
1841 4250 1873 4290 ς
1900 4233 2162 4300 plurimi,
2217 4229 2462 4299 pellibus
2499 4231 2589 4283 uel
2624 4227 2877 4298 palliolis

580 4316 669 4368 uel
713 4314 958 4384 plagulis
1005 4315 1093 4368 uel
1138 4313 1329 4382 palliis
1367 4315 1588 4380 aliaque
1625 4313 1689 4365 in
1733 4314 2122 4367 recentioribus
2158 4314 2230 4381 (u.
2263 4312 2451 4365 Herm.
2483 4314 2556 4363 36
2585 4327 2644 4376 p.
2677 4312 2780 4363 301
2795 4325 2871 4376 sq.

583 4397 655 4445 37
684 4411 743 4461 p.
775 4397 902 4461 590)
1049 4400 1114 4448 13
1155 4396 1490 4461 conquestus
1530 4395 1616 4446 est
1654 4394 1722 4446 H
1872 4399 1936 4445 14
1975 4393 2211 4445 existere
2253 4392 2304 4446 G
2460 4389 2674 4443 factum
2711 4405 2875 4442 suum

587 4472 784 4526 POST
917 4474 1258 4541 paenitendo
1300 4474 1473 4529 MR&
1509 4481 1560 4528 et
1586 4489 1694 4541 pro
1732 4490 1786 4525 u.
1829 4474 1861 4525 l.
1901 4472 2009 4537 H2,
2062 4472 2213 4540 quod
2251 4470 2359 4524 sibi
2398 4472 2545 4523 esset
2580 4467 2879 4538 paeniten-

586 4550 717 4601 dum
756 4552 825 4603 H
998 4560 1062 4607 16
1102 4555 1373 4608 succurrit
1415 4552 1648 4608 GHRS2
