3325 5209
1090 395 1306 449 DIVVS
1343 393 1725 449 AVGVSTVS
1765 405 1895 454 [ost.
1928 407 2101 455 16—18]
2630 396 2716 460 59

418 579 561 622 cum
610 556 954 642 Cleopatra
1010 558 1417 644 confugerat,
1481 556 1668 622 breui
1727 555 1976 641 potitus
2033 562 2147 621 est.
2240 561 2305 622 et
2358 558 2718 623 Antonium
2756 575 2790 621 4

419 663 675 748 quidem
734 686 908 728 seras
967 663 1373 729 condiciones
1431 665 1609 748 pacis
1656 666 2083 747 temptantem
2132 666 2211 729 ad
2256 668 2533 729 mortem
2578 665 2719 729 ade-

419 771 519 857 git
562 770 856 854 uiditque
903 774 1248 835 mortuum.
1338 770 1732 854 Cleopatrae,
1780 792 1972 854 quam
2021 775 2339 836 seruatam
2386 771 2718 855 triumpho

419 899 653 964 magno
703 897 894 960 opere
943 877 1267 962 cupiebat,
1324 877 1520 942 etiam
1567 877 1813 961 psyllos
1862 877 2176 961 admouit,
2233 879 2345 962 qui
2398 900 2717 942 uenenum

365 1008 390 1049 5
422 1006 495 1047 ac
557 983 737 1048 uirus
799 989 1177 1070 exugerent,
1243 984 1417 1069 quod
1480 986 1724 1069 perisse
1780 1006 1999 1048 morsu
2055 983 2293 1068 aspidis
2349 984 2718 1069 putabatur.

421 1090 736 1154 ambobus
785 1111 1190 1154 communem
1237 1092 1604 1176 sepulturae
1650 1090 1964 1154 honorem
2012 1089 2243 1154 tribuit
2287 1113 2359 1155 ac
2395 1092 2718 1156 tumulum

423 1197 501 1260 ab
557 1196 715 1281 ipsis
770 1195 1144 1260 incohatum
1206 1196 1426 1280 perfici
1487 1197 1694 1263 iussit.
1787 1196 2145 1260 Antonium
2203 1196 2527 1282 iuuenem,
2589 1221 2718 1262 ma-
2757 1212 2789 1258 5

421 1304 623 1368 iorem
671 1303 746 1367 de
794 1304 1044 1368 duobus
1091 1302 1323 1367 Fuluia
1358 1304 1615 1390 genitiS,
1664 1303 2008 1368 simulacro
2047 1303 2203 1368 Diui
2247 1302 2391 1388 Iuli,
2429 1304 2510 1367 ad
2547 1304 2721 1389 quod

421 1413 570 1494 post
616 1410 851 1475 multas
899 1414 964 1473 et
1010 1409 1225 1474 irritas
1272 1432 1491 1494 preces
1539 1411 1936 1496 confugerat,
1989 1410 2330 1495 abreptum
2374 1411 2718 1475 interemit.

341 1543 393 1583 ιο
422 1517 574 1579 item
618 1514 1083 1600 Caesarionem,
1122 1537 1312 1601 quem
1351 1538 1428 1580 ex
1459 1514 1729 1580 Caesare
1766 1521 1952 1601 patre
1983 1516 2324 1603 Cleopatra
2353 1517 2719 1602 concepisse

420 1622 848 1707 praedicabat,
895 1627 1242 1688 retractum
1290 1645 1324 1687 e
1371 1623 1526 1709 fuga
1574 1623 1894 1708 supplicio
1943 1624 2197 1689 adfecit.
2270 1625 2553 1708 reliquos
2589 1624 2720 1688 An-

423 1729 642 1814 toni[i]
700 1731 1085 1816 reginaeque
1151 1751 1520 1794 communes
1576 1730 1816 1795 liberos
1881 1753 2015 1795 non
2069 1753 2249 1795 secus
2316 1754 2390 1796 ac
2451 1731 2722 1796 necessi-

421 1836 641 1901 tudine
706 1837 961 1901 iunctos
1026 1838 1152 1901 sibi
1219 1842 1283 1900 et
1346 1838 1759 1901 conseruauit
1823 1841 1888 1901 et
1952 1859 2103 1901 mox
2166 1860 2285 1921 pro
2349 1837 2720 1902 condicione

422 1945 729 2027 cuiusque
776 1944 1084 2008 sustinuit
1129 1965 1205 2007 ac
1248 1942 1434 2008 fouit.
1518 1965 1633 2028 per
1678 1944 1846 2008 idem
1895 1946 2149 2027 tempus
2188 1944 2617 2008 conditorium
2657 1939 2826 2007 et18

339 2075 393 2115 ιε
424 2072 655 2134 corpus
694 2050 917 2137 Magni
955 2050 1323 2134 Alexandri,
1373 2073 1518 2115 cum
1554 2050 1879 2134 prolatum
1918 2072 1951 2113 e
1989 2050 2302 2134 penetrali
2341 2051 2721 2115 subiecisset

424 2158 651 2241 oculis,
709 2179 943 2221 corona
998 2180 1189 2221 aurea
1245 2156 1551 2240 imposita
1607 2179 1681 2221 ac
1736 2157 2008 2221 floribus
2056 2158 2333 2241 aspersis
2378 2160 2719 2220 ueneratus

423 2269 520 2328 est
575 2265 1059 2348 consultusque,
1121 2287 1279 2328 num
1337 2268 1401 2328 et
1455 2263 1897 2328 Ptolemaeum
1961 2265 2275 2347 inspicere
2328 2263 2552 2346 uellet,
2607 2286 2719 2326 re-

421 2393 583 2456 gem
639 2393 716 2435 se
771 2372 1115 2435 uoluisse
1176 2373 1267 2435 ait
1330 2370 1619 2454 uidere,
1684 2392 1833 2434 non
1890 2374 2253 2435 mortuos.
2343 2368 2719 2455 Aegyptum
2759 2383 2789 2430 2

422 2479 490 2541 in
537 2479 908 2563 prouinciae
962 2479 1230 2543 formam
1294 2478 1613 2542 redactam
1671 2482 1744 2540 ut
1790 2477 2165 2542 feraciorem
2210 2476 2720 2560 habilioremque

337 2610 393 2648 πο
423 2608 712 2649 annonae
769 2586 1024 2650 urbicae
1081 2585 1398 2666 redderet,
1463 2584 1672 2649 fossas
1729 2583 1965 2668 omnis,
2031 2585 2100 2647 in
2156 2606 2314 2667 quas
2369 2570 2562 2648 Nilus
2618 2606 2720 2647 ex-

422 2696 690 2771 aestuat,
729 2693 1072 2757 oblimatas
1109 2692 1306 2777 longa
1341 2694 1667 2755 uetustate
1694 2691 1962 2755 militari
1999 2713 2189 2775 opere
2226 2691 2506 2754 detersit.
2568 2712 2721 2773 quo-

423 2822 547 2883 que
603 2798 903 2863 Actiacae
963 2799 1273 2863 uictoriae
1338 2797 1648 2862 memoria
1704 2797 2087 2862 celebratior
2151 2803 2215 2861 et
2269 2799 2335 2861 in
2389 2802 2721 2881 posterum

423 2909 615 2990 esset,
669 2907 895 2971 urbem
940 2905 1313 2990 Nicopolim
1368 2905 1539 2989 apud
1586 2904 1848 2969 Actium
1896 2905 2182 2969 condidit
2227 2905 2540 2988 ludosque
2588 2905 2722 2968 illic

424 3013 934 3096 quinquennales
982 3012 1322 3078 constituit
1371 3016 1436 3075 et
1483 3012 1792 3095 ampliato
1840 3015 2057 3075 uetere
2103 3010 2428 3094 Apollinis
2476 3014 2720 3095 templo

569 3275 600 3323 3
645 3270 792 3324 Oros
834 3269 925 3322 VI
952 3272 1040 3334 19,
1069 3272 1141 3321 18
1190 3268 1490 3338 Cleopatra
1536 3269 1836 3336 postquam
1888 3283 1947 3319 se
1994 3268 2069 3319 ad
2112 3267 2459 3336 triumphum
2508 3266 2721 3318 seruari

423 3348 723 3416 intellexit,
760 3348 1139 3401 uoluntariam
1175 3353 1412 3403 mortem
1451 3350 1647 3418 petens
1688 3347 1988 3416 serpentis,
2036 3349 2101 3400 ut
2137 3350 2393 3416 putatur,
2436 3363 2625 3399 morsu
2662 3346 2722 3398 in

426 3430 653 3483 sinistro
709 3431 864 3482 tacta
919 3427 1150 3481 brachio
1209 3430 1482 3481 exanimis
1540 3429 1776 3481 inuenta
1832 3430 1945 3495 est,
2001 3427 2210 3480 frustra
2259 3426 2493 3481 Caesare
2549 3427 2720 3479 etiam

424 3509 639 3577 psyllos
678 3509 1029 3574 admonente,
1070 3509 1168 3577 qui
1206 3525 1425 3563 uenena
1463 3511 1783 3579 serpentum
1826 3523 1855 3560 e
1892 3507 2220 3561 uulneribus
2257 3506 2545 3560 hominum
2585 3506 2720 3559 hau-

425 3592 518 3642 stu
554 3605 816 3643 reuocare
856 3591 1025 3656 atque
1064 3605 1331 3658 exsugere
1362 3590 1556 3643 solent.
1624 3592 1693 3658 cf.
1724 3591 1958 3661 Eutrop.
2002 3590 2124 3643 VII
2147 3592 2180 3642 7
2218 3587 2370 3641 Seru.
2401 3589 2539 3640 Aen.
2575 3588 2731 3640 VIII

429 3674 539 3724 697
703 3675 768 3722 10
806 3669 876 3735 cf.
918 3669 1089 3723 Schol.
1131 3671 1347 3722 Lucan.
1380 3671 1437 3723 X
1469 3674 1541 3722 76
1707 3677 1773 3723 18
1812 3673 1968 3740 Epic.
2000 3676 2051 3737 1,
2081 3674 2115 3724 4
2150 3669 2438 3740 regionem
2476 3667 2721 3736 Aegypti

426 3749 795 3803 inundatione
831 3747 951 3801 Nili
991 3764 1219 3801 accessu
1258 3749 1546 3802 difficilem
1594 3750 1921 3815 inuiamque
1957 3751 2260 3817 paludibus
2298 3750 2358 3803 in
2395 3748 2721 3818 prouinciae

427 3829 663 3884 formam
699 3829 935 3897 redegit.
1015 3833 1064 3893 1,
1096 3834 1128 3882 5
1168 3844 1338 3895 quam
1365 3832 1431 3882 ut
1458 3845 1715 3883 annonae
1743 3829 1899 3882 urbis
1929 3829 2214 3896 copiosam
2244 3830 2505 3896 efficeret,
2543 3828 2722 3882 fossas

427 3910 643 3963 incuria
689 3909 993 3963 uetustatis
1031 3909 1167 3961 limo
1217 3908 1435 3962 clausas
1480 3908 1674 3962 labore
1721 3908 1967 3962 militum
2012 3907 2299 3976 patefecit.
2375 3909 2446 3973 cf.
2487 3909 2718 3976 Eutrop.

439 3992 560 4044 VII
591 3996 639 4044 7.
680 3994 715 4043 9

573 4209 602 4256 3
641 4205 877 4258 mortem
901 4203 952 4257 G
1097 4211 1129 4256 4
1170 4202 1462 4256 admonuit
1486 4201 1730 4256 G¹P¹R1
1875 4206 1906 4254 8
1946 4201 2016 4254 de
2051 4200 2216 4268 Y'P2,
2255 4218 2353 4255 om.
2390 4201 2515 4254 ΜΘ
2529 4202 2723 4266 VLP1,

429 4285 615 4339 vnalim
652 4299 682 4336 e
709 4285 800 4338 uel
826 4299 894 4336 ex
1029 4288 1061 4336 9
1102 4284 1396 4351 abreptum
1428 4282 1571 4348 GR,
1610 4297 1725 4334 arr-
1754 4282 1846 4335 rel.
1878 4283 1950 4350 (Ω
1961 4281 2009 4341 ,9)
2138 4287 2206 4334 10
2242 4283 2405 4350 patre
2434 4283 2616 4351 (parte
2650 4282 2722 4351 V)

430 4381 530 4418 om.
557 4367 605 4417 Y
745 4369 811 4415 15
851 4362 1222 4418 subiecissent
1252 4364 1443 4417 Medd.
1594 4367 1659 4414 16
1701 4362 1943 4431 aspersis
1973 4361 2124 4416 ΗΠ
2162 4363 2272 4432 (uel
2300 4361 2426 4431 L⁸),
2467 4377 2724 4430 aspersus

433 4446 508 4499 Μ
512 4443 598 4510 X',
634 4448 865 4512 aspersu
900 4445 1123 4513 (aspersi
1147 4443 1210 4513 Q,
1248 4459 1447 4511 asperu
1470 4443 1725 4511 11¹)G-r,
1765 4443 1978 4511 asperis
1998 4444 2064 4496 N
2203 4447 2269 4495 17
2308 4441 2724 4495 Ptolemaeeum

433 4526 754 4594 Berneyyer,
792 4524 1023 4595 Bentley
1170 4529 1237 4576 20
1275 4539 1464 4576 omnes
1501 4520 1682 4576 fossas
1726 4524 1776 4577 G
