3325 5209
618 397 701 460 76
1314 395 1369 449 C.
1411 395 1727 450 SVETONI
1763 394 2208 459 TRANQVILLI

616 582 690 624 ae
735 560 877 624 uisa
925 558 1249 642 quondam
1294 557 1412 641 pro
1463 559 1764 622 contione
1809 557 2204 641 pullatorum
2250 557 2440 621 turba
2485 557 2908 640 indignabun-

611 668 733 731 dus
782 670 847 731 et
894 667 1254 743 clamitans:
1304 688 1392 729 en
1437 666 1666 748 <Vera
1703 664 1861 729 Aen.
1901 665 1948 728 Ι
1976 665 2154 747 282>

756 772 1166 855 Romanos,
1202 795 1451 836 rerum
1490 772 1865 854 dominos,
1905 775 2367 855 gentemque
2404 770 2773 856 togatam!

615 880 947 965 negotium
996 879 1307 943 aedilibus
1347 878 1539 961 dedit,
1585 900 1667 942 ne
1706 901 1896 962 quem
1935 878 2207 961 posthac
2242 880 2616 960 paterentur
2662 877 2731 939 in
2766 876 2907 939 foro

615 988 863 1051 circaue
908 986 1035 1050 nisi
1081 986 1313 1069 positis
1358 986 1630 1050 lacernis
1678 989 1974 1071 togatum
2022 985 2385 1048 consistere.
2942 1006 2993 1051 ’.ε

507 1091 597 1157 41
791 1093 1272 1157 Liberalitatem
1322 1092 1620 1157 omnibus
1669 1092 2003 1156 ordinibus
2049 1114 2166 1176 per
2212 1091 2577 1155 occasiones
2617 1090 2911 1173 frequen-

614 1206 713 1265 ter
784 1201 1090 1264 exhibuit.
1183 1222 1333 1263 nam
1398 1203 1463 1263 et
1535 1200 1791 1262 inuecta
1853 1199 2002 1263 urbi
2064 1196 2502 1262 Alexandrino
2577 1195 2907 1279 triumpho

613 1307 794 1392 regia
841 1329 997 1391 gaza
1050 1310 1297 1370 tantam
1355 1307 1605 1389 copiam
1652 1305 2050 1369 nummariae
2096 1306 2191 1368 rei
2238 1305 2475 1386 effecit,
2530 1308 2604 1367 ut
2649 1303 2909 1366 faenore

616 1415 944 1479 deminuto
984 1413 1334 1498 plurimum
1377 1434 1681 1499 agrorum
1717 1412 1945 1496 pretiis
1985 1413 2337 1496 accesserit,
2373 1415 2438 1474 et
2474 1414 2716 1494 postea,
2757 1430 2909 1491 quo-

614 1521 781 1586 tiens
838 1542 915 1583 ex
971 1521 1418 1585 damnatorum
1474 1521 1661 1584 bonis
1718 1521 1990 1603 pecunia
2037 1520 2481 1603 superflueret,
2537 1537 2724 1580 usum
2773 1517 2908 1580 eius
2941 1544 2995 1584 ιο

613 1629 972 1714 gratuitum
1018 1628 1117 1714 iis,
1155 1628 1262 1712 qui
1314 1650 1538 1692 cauere
1585 1629 1655 1692 in
1701 1626 1966 1710 duplum
2005 1630 2289 1710 possent,
2334 1625 2415 1689 ad
2460 1628 2707 1689 certum
2727 1640 2734 1647 ·
2753 1626 2910 1686 tem-

612 1758 735 1819 pus
791 1735 1078 1799 indulsit.
1162 1739 1531 1799 senatorum
1589 1757 1849 1799 censum
1905 1734 2243 1817 ampliauit
2299 1755 2373 1796 ac
2416 1755 2535 1816 pro
2584 1731 2910 1815 octingen-

613 1845 831 1906 torum
877 1843 1129 1905 milium
1179 1863 1429 1905 summa
1475 1841 1813 1906 duodecies
1853 1841 2218 1905 sestertium
2262 1841 2513 1903 taxauit
2559 1838 2912 1922 suppleuit-

545 1960 575 2008 2
616 1970 740 2031 que
793 1970 926 2013 non
977 1948 1384 2013 habentibus
1468 1950 1797 2033 congiaria
1850 1950 2093 2032 populo
2138 1948 2506 2029 frequenter
2552 1947 2752 2028 dedit,
2800 1945 2911 2008 sed

616 2055 902 2120 diuersae
955 2056 1089 2120 fere
1155 2078 1466 2119 summae:
1531 2054 1724 2118 modo
1783 2054 2279 2139 quadringenOS,
2345 2052 2536 2115 modo
2603 2056 2910 2135 trecenos,
2938 2076 2995 2116 15

611 2185 1103 2247 nonnumquam
1158 2164 1435 2227 ducenos
1484 2163 2099 2245 quinquagenosque
2152 2181 2478 2242 nummos;
2539 2180 2613 2222 ac
2669 2180 2748 2220 ne
2796 2158 2912 2221 mi-

612 2292 801 2334 nores
842 2271 1098 2355 quidem
1128 2292 1361 2354 pueros
1399 2267 1749 2352 praeteriit,
1797 2268 2093 2349 quamuis
2130 2288 2262 2329 non
2289 2265 2412 2328 nisi
2450 2265 2530 2328 ab
2569 2263 2907 2328 undecimo

614 2378 842 2441 aetatis
916 2400 1082 2441 anno
1160 2378 1444 2459 accipere
1517 2377 1945 2438 consuessent.
2047 2373 2441 2435 frumentum
2516 2392 2776 2453 quoque
2840 2372 2907 2434 in

617 2506 903 2548 annonae
953 2481 1444 2546 difficultatibus
1493 2501 1681 2562 saepe
1726 2478 2076 2561 leuissimo,
2121 2477 2443 2540 interdum
2481 2477 2660 2541 nullo
2698 2480 2906 2561 pretio

506 2581 597 2647 42
614 2590 859 2653 uiritim
909 2588 1247 2652 admensus
1304 2592 1401 2651 est
1453 2591 1858 2667 tesserasque
1905 2585 2297 2648 nummarias
2343 2583 2715 2667 duplicauit.
2801 2585 2988 2649 sedeo

613 2700 686 2759 ut
736 2695 1058 2759 salubrem
1112 2694 1321 2781 magis
1370 2716 1563 2777 quam
1611 2692 2029 2756 ambitiosum
2084 2691 2443 2776 principem
2492 2692 2705 2775 scires,
2755 2714 2910 2774 que-

613 2805 862 2865 rentem
910 2802 985 2864 de
1032 2801 1253 2886 inopia
1309 2806 1372 2865 et
1419 2801 1687 2865 caritate
1741 2799 1879 2865 uini
1924 2800 2238 2882 populum
2286 2799 2692 2863 seuerissima
2740 2820 2907 2863 coer-

616 2908 751 2973 cuit
795 2930 979 2972 uoce:
1038 2909 1231 2972 satis
1287 2908 1682 2992 prouisum
1738 2929 1775 2969 a
1822 2928 2101 2992 genero
2159 2928 2291 2970 suo
2347 2904 2692 2991 Agrippa
2746 2928 2908 2990 per-

542 3025 574 3072 2
614 3015 867 3079 ductis
914 3014 1271 3099 pluribus
1320 3014 1568 3097 aquis,
1612 3035 1704 3077 ne
1739 3012 2087 3077 homines
2136 3013 2469 3077 sitirent.
2553 3013 2759 3076 eidem
2797 3035 2908 3096 po-

612 3122 768 3206 pulo
834 3122 1220 3206 promissum
1296 3120 1554 3204 quidem
1630 3120 2028 3204 congiarium
2102 3119 2463 3202 reposcenti
2528 3119 2767 3184 bonae
2833 3142 2908 3184 se
2936 3141 2988 3182 ιε

613 3229 805 3293 fidei
854 3250 1018 3293 esse
1063 3228 1422 3311 respondit3
1467 3249 1601 3292 non
1645 3227 2034 3310 promissum
2081 3230 2294 3289 autem
2342 3226 2664 3311 flagitanti
2708 3228 2910 3311 turpi—

612 3336 902 3399 tudinem
977 3340 1041 3400 et
1113 3334 1579 3419 impudentiam
1653 3334 1863 3397 edicto
1938 3332 2352 3416 exprobrauit
2427 3333 2907 3417 affirmauitque

611 3464 760 3507 non
808 3443 1162 3506 daturum
1219 3464 1293 3505 se
1353 3442 1703 3524 quamuis
1752 3441 1925 3504 dare
1975 3440 2418 3503 destinaret.
2499 3461 2616 3503 1166
2661 3442 2907 3505 minore

756 3676 924 3738 8sqq.
963 3672 1033 3737 ef.
1077 3672 1224 3726 Oros.
1268 3672 1354 3724 VI
1375 3675 1463 3736 19,
1493 3674 1563 3723 19

758 3889 788 3936 2
830 3884 912 3937 ait
939 3890 1069 3952 post
1104 3901 1173 3937 en
1211 3884 1339 3937 add.
1378 3886 1425 3935 ‘P
1565 3889 1595 3935 5
1637 3883 1856 3936 circoue
1900 3882 1950 3936 G
1969 3885 2017 3934 Τ
2058 3882 2154 3951 (sie
2191 3899 2327 3936 corr.
2364 3882 2428 3934 in
2466 3884 2518 3936 L
2562 3900 2630 3936 m.
2670 3885 2906 3952 recenti),

613 3965 682 4030 ef.
712 3964 857 4036 Lyd.
879 3982 1052 4032 supra
1177 3969 1209 4016 8
1246 3963 1694 4016 nummumariae
1717 3964 1803 4029 M,
1840 3963 2231 4033 nfimfimarine
2257 3961 2311 4016 G
2446 3967 2476 4024 9
2499 3962 2776 4016 diminuto
2801 3967 2849 4016 Τ
2865 3965 2916 4017 Τ

617 4050 680 4098 12
722 4044 1063 4099 senatorium
1102 4044 1335 4112 Bentley
1381 4045 1470 4113 (ef.
1517 4044 1671 4111 Vesp.
1703 4046 1791 4113 17)
1940 4047 2003 4097 13
2053 4042 2237 4095 decies
2276 4043 2508 4111 Lipsius
2650 4045 2907 4098 sestertio

616 4126 845 4178 Ernesti
882 4125 970 4194 (cf.
1011 4126 1085 4179 ad
1122 4125 1233 4178 Iul.
1266 4127 1338 4178 50
1368 4142 1424 4193 p.
1454 4128 1549 4190 26,
1576 4127 1670 4194 24)
1873 4128 1937 4176 15
1985 4122 2102 4177 fere
2149 4140 2249 4176 om.
2292 4123 2345 4176 V
2515 4124 2908 4192 quadragenos

618 4205 804 4258 GHR
965 4207 1218 4258 trecenos
1261 4206 1414 4259 Torr.
1456 4206 1501 4272 (e
1539 4205 1678 4259 libro
1715 4204 2107 4272 Ferrarie'nsi),
2144 4202 2388 4255 tricenos
2427 4206 2479 4256 ,Ω
2639 4209 2705 4256 16
2744 4204 2904 4270 quin-

613 4284 1333 4353 genosqueS(tricenosque
1347 4286 1441 4339 rel.
1453 4286 1669 4342 omissis
1685 4285 1777 4353 T),
1796 4284 2298 4352 quadragenosque
2313 4286 2617 4338 Mommsen
2715 4290 2778 4337 17
2796 4285 2909 4337 nisi

613 4381 715 4418 om.
761 4367 809 4416 Τ
967 4370 1031 4417 19
1078 4363 1355 4417 uilissimo
1395 4366 1628 4434 Bentley
1791 4370 1859 4417 20
1904 4363 2082 4417 uiritfi
2130 4363 2401 4416 admensfi
2439 4364 2493 4417 V
2649 4370 2717 4417 24
2754 4365 2907 4418 idem

612 4444 847 4514 Bentley
988 4444 1198 4512 populo
1236 4445 1347 4498 dele
1374 4446 1525 4499 Torr.
1674 4450 1741 4502 25
1782 4442 2113 4512 deposcenti
2142 4445 2317 4497 Polak
2460 4449 2528 4496 28
2568 4444 2910 4500 destinasset

611 4525 681 4578 N
684 4541 743 4591 ς,
783 4523 1083 4578 destinarit
1119 4525 1386 4592 Reitzius,
1426 4526 1740 4579 destinarat
1768 4525 1965 4579 Burin.
2113 4525 2239 4594 nec]
2276 4540 2348 4577 ne
2387 4525 2464 4577 Μ
2471 4524 2631 4593 VQR
