3325 5209
610 414 741 478 342
1303 413 1359 468 C.
1400 413 1713 469 SVETONI
1749 412 2195 477 TRANQVILLI

610 582 963 663 praestaret
1009 579 1189 642 heres
1238 599 1410 657 suus,
1456 576 1709 641 irritum
1748 576 1918 641 fecit.
2001 597 2163 660 reos,
2211 577 2324 661 qui
2362 579 2508 639 ante
2548 574 2902 660 quinquen-

608 685 788 749 nium
843 685 1210 769 proximum
1257 684 1427 768 apud
1473 684 1789 748 aerarium
1847 684 2331 768 pependissent,
2387 682 2722 746 uniuersos
2779 680 2901 744 dis-

610 793 874 858 crimine
911 792 1211 856 liberauit
1247 812 1367 856 nec
1402 789 1606 875 repeti
1642 790 1769 855 nisi
1807 791 1977 855 intra
2014 793 2253 854 annum
2291 811 2491 875 eaque
2529 788 2902 853 condicione

609 899 919 983 permisit,
965 903 1038 963 ut
1084 898 1439 963 accusatori
1488 898 1600 981 qui
1647 919 1904 962 causam
1941 918 2072 961 non
2110 901 2357 961 teneret
2393 895 2657 961 exilium
2695 915 2904 978 poena

539 1022 570 1069 3
612 1010 795 1071 esset.
902 1006 1146 1071 scribas
1206 1005 1607 1088 quaestorios
1668 1004 2063 1089 negotiantis
2132 1026 2208 1068 ex
2271 1003 2732 1068 consuetudine
2793 1003 2902 1066 sed
2960 1028 2986 1066 5

611 1117 836 1179 contra
883 1111 1171 1178 Clodiam
1227 1111 1434 1198 legem
1489 1113 1680 1176 uenia
1732 1111 1803 1174 in
1855 1112 2273 1195 praeteritum
2327 1110 2607 1175 donauit.
2700 1109 2905 1175 subsi-

610 1222 771 1303 ciua,
828 1240 992 1302 quae
1049 1219 1274 1283 diuisis
1319 1241 1435 1302 per
1479 1221 1822 1282 ueteranos
1880 1218 2052 1303 agris
2113 1218 2385 1302 carptim
2431 1216 2904 1302 superfuerunt,

610 1327 935 1391 ueteribus
955 1314 1453 1410 'possessoribus
1490 1329 1565 1389 ut
1599 1347 1721 1389 usu
1761 1328 1946 1408 capta
1985 1324 2316 1389 concessit.
2383 1324 2651 1389 fiscales
2671 1323 2908 1388 calum-

608 1434 748 1498 nias
802 1455 1037 1519 magna
1082 1431 1612 1497 calumniantium
1657 1454 1867 1516 poena
1910 1430 2235 1516 repressit,
2281 1430 2728 1516 ferebaturque
2776 1430 2904 1495 uox

611 1542 779 1606 eius:
824 1526 1183 1626 princeps
1234 1540 1363 1623 qui
1410 1539 1795 1604 delatores
1839 1560 1989 1602 non
2035 1540 2401 1625 castigat,
2448 1539 2727 1602 irritat.
2937 1560 2990 1600 10

506 1646 598 1711 10
793 1647 918 1712 Sed
976 1668 1186 1730 neque
1250 1646 1319 1709 in
1374 1645 1750 1711 clementiae
1813 1666 2021 1729 neque
2085 1645 2152 1710 in
2209 1645 2631 1711 abstinentiae
2685 1648 2905 1708 tenore

612 1755 989 1840 permansit,
1044 1762 1109 1818 et
1163 1757 1377 1817 tamen
1434 1754 1763 1837 aliquanto
1812 1752 2080 1817 celerius
2127 1752 2208 1815 ad
2256 1752 2590 1818 saeuitiam
2637 1752 2907 1817 desciuit

613 1885 804 1947 quam
843 1861 925 1924 ad
961 1860 1392 1945 cupiditatem.
1476 1860 1865 1944 discipulum
1902 1858 2150 1923 Paridis
2198 1861 2579 1943 pantomimi
2617 1860 2907 1945 <im>pu-

611 1969 827 2033 berem
888 1968 1097 2032 adhuc
1156 1971 1219 2031 et
1281 1989 1426 2032 cum
1482 1968 1762 2031 maxime
1821 1987 2102 2050 aegrum,
2163 1967 2336 2049 quod
2391 1971 2528 2031 arte
2573 1969 2906 2050 formaque

611 2098 740 2139 non
788 2074 1100 2140 absimilis
1146 2075 1457 2161 magistro
1504 2073 1863 2157 uidebatur,
1912 2073 2174 2158 occidit3
2229 2074 2384 2137 item
2431 2073 2903 2160 Hermogenem
2936 2093 2987 2134 ιε

611 2183 987 2248 Tarsensem
1026 2186 1295 2266 propter
1333 2182 1638 2265 quasdam
1679 2182 1747 2244 in
1783 2181 2059 2246 historia
2094 2182 2355 2267 figuras,
2398 2180 2655 2245 libraris
2693 2182 2908 2264 etiam,

615 2290 725 2374 qui
792 2311 932 2354 eam
1000 2289 1483 2373 descripserant,
1549 2288 1723 2352 cruci
1785 2289 1951 2352 fixis.
2060 2293 2311 2373 patrem
2370 2288 2674 2372 familias,
2732 2288 2906 2372 quod

612 2396 962 2461 Thraecem
1010 2394 1409 2461 murmilloni
1454 2416 1693 2479 parem,
1740 2395 2102 2459 munerario
2141 2396 2451 2479 imparem
2490 2395 2755 2476 dixerat,
2803 2395 2904 2459 de-

612 2508 890 2568 tractum
965 2502 1346 2588 spectaculis
1422 2501 1491 2565 in
1553 2502 1858 2566 harenam
1938 2502 2200 2567 canibus
2268 2503 2505 2567 obiecit
2567 2523 2713 2566 cum
2778 2501 2904 2566 hoc

610 2610 831 2675 titulo:
879 2610 1109 2694 impie
1155 2609 1466 2673 locutus
1514 2609 2049 2693 parmularius.
2935 2628 2988 2667 20

544 2731 574 2778 2
796 2715 1171 2800 Complures
1219 2719 1562 2793 senatoreS,
1612 2716 1679 2778 in
1716 2715 1796 2779 iis
1835 2715 2084 2800 aliquot
2124 2716 2506 2801 consulares,
2554 2716 2908 2803 interemit3

612 2846 690 2888 ex
737 2824 969 2908 quibus
1009 2822 1293 2887 Ciuicam
1333 2820 1657 2886 Cerealem
1702 2821 1771 2885 in
1816 2821 1959 2907 ipso
2007 2821 2209 2887 Asiae·
2247 2825 2724 2908 proconsulatu,
2773 2823 2910 2889 Sal-

612 2931 942 2996 uidienum
973 2929 1266 3013 Orfitum,
1311 2927 1593 2994 Acilium
1626 2927 2038 2994 Glabrionem
2069 2930 2222 3014 <in>
2252 2931 2466 3015 exilio,
2504 2932 2687 3015 quasi
2727 2931 2907 2996 moli·

613 3042 784 3104 tores
839 3060 1052 3102 rerum
1109 3059 1454 3120 nouarum,
1510 3040 1754 3101 ceteros
1809 3038 2138 3101 leuissima
2195 3060 2512 3121 quemque
2568 3038 2644 3103 de
2701 3060 2905 3104 causa.

611 3145 869 3212 Aelium
917 3146 1206 3210 Lamiam
1263 3145 1345 3209 ob
1394 3145 1783 3229 suspiciosos
1833 3145 2109 3228 quidem,
2163 3168 2390 3210 uerum
2438 3151 2502 3210 et
2546 3150 2793 3210 ueteres
2842 3150 2909 3210 et
2937 3163 2990 3203 25

614 3255 911 3318 innoxios
957 3238 1161 3336 iocos,
1217 3252 1390 3336 quod
1443 3255 1593 3334 post
1639 3250 1984 3316 abductam
2030 3274 2297 3317 uxorem
2345 3253 2631 3317 laudanti
2678 3275 2906 3319 uocem

613 3382 793 3425 suam
842 3363 1149 3424 eutacto
1199 3359 1450 3422 dixerat
1513 3359 1815 3442 quodque
1862 3358 2009 3422 Tito
2056 3359 2344 3423 hortanti
2391 3382 2457 3423 se
2503 3360 2580 3423 ad
2631 3361 2903 3425 alterum

757 3534 819 3580 11
844 3545 962 3595 sqq.
986 3545 1039 3580 u.
1062 3527 1136 3579 ad
1149 3543 1206 3593 p.
1230 3530 1353 3591 341,
1375 3529 1443 3579 15
1563 3530 1627 3577 21
1652 3525 1887 3593 Eutrop.
1922 3527 2144 3591 V1123,
2161 3529 2200 3578 2
2220 3524 2503 3579 interfecit
2530 3526 2906 3581 nobilissimos

613 3625 643 3662 e
664 3610 875 3661 senatu.
939 3608 1089 3662 Oros.
1120 3606 1245 3660 VII
1256 3611 1345 3670 10,
1362 3609 1400 3659 2
1425 3604 1806 3658 nobilissimos
1836 3623 1865 3658 e
1896 3608 2091 3658 senatu
2111 3606 2360 3659 inuidiae
2382 3607 2547 3660 simul
2577 3608 2634 3660 et
2660 3607 2905 3676 praedae

612 3705 781 3741 causa
827 3687 966 3740 alios
1003 3687 1194 3755 palam
1238 3684 1548 3753 interfecit,
1604 3684 1745 3737 alios
1792 3685 1852 3737 in
1900 3684 2130 3739 exilium
2185 3687 2352 3740 trusit
2397 3687 2588 3754 ibique
2635 3688 2906 3740 trucidari

611 3768 927 3836 imperauit.

757 3915 787 3962 2
828 3909 1102 3963 aerarium
1140 3908 1292 3976 apud
1335 3910 1384 3960 Τ
1531 3914 1566 3961 4
1602 3924 1715 3960 non
1754 3924 1853 3961 om.
1891 3910 1940 3960 Τ
1965 3911 2275 3976 <propterea
2310 3909 2371 3962 ni
2400 3926 2625 3963 causam
2654 3911 2905 3981 BentLey)

615 3997 643 4044 ‘1
682 4005 993 4044 ueneranos
1023 3989 1095 4041 M
1119 3996 1169 4043 et
1189 4005 1294 4057 pro
1321 4006 1375 4042 u.
1409 3988 1441 4041 l.
1473 3990 1508 4040 δ
1634 3987 2024 4056 superfuerant
2053 3990 2282 4043 Ernesti
2403 3994 2433 4042 9
2465 3990 2909 4045 calumnantium

615 4074 738 4127 ML
891 4087 1001 4123 uox
1027 4085 1127 4123 om.
1151 4068 1311 4138 H¹Qe
1450 4072 1516 4120 10
1553 4067 1764 4121 inuitat
1792 4070 1839 4123 Ι.
1861 4069 1931 4121 F.
1957 4069 2192 4123 Gronov.
2346 4076 2410 4123 13
2450 4070 2798 4139 impuberem
2827 4074 2906 4127 ed.

612 4154 792 4208 Base'l.
826 4155 967 4205 1533
1006 4149 1208 4218 (adhuc
1254 4147 1523 4217 puberem
1557 4148 1631 4217 Τ)
1781 4153 1846 4200 18
1884 4148 2133 4202 threcem
2171 4152 2266 4218 (tr-
2298 4150 2369 4219 P)
2402 4151 2604 4217 MGX,
2656 4152 2907 4205 thracem

614 4232 816 4302 (trach-
846 4232 980 4297 HR)
1017 4233 1064 4282 'I’
1248 4234 1314 4282 19
1353 4246 1382 4282 e
1423 4230 1500 4297 (et
1532 4228 1595 4298 Q)
1633 4228 1970 4297 spectaculis
2004 4229 2110 4283 GT
2298 4236 2363 4284 21
2404 4231 2463 4283 in
2501 4231 2569 4284 iis
2600 4230 2685 4296 Μ,
2724 4231 2784 4284 in
2820 4231 2908 4286 his

612 4314 742 4381 (hiis
772 4312 870 4381 L2)
905 4310 1106 4376 GYL²‚
1136 4309 1340 4363 iniuste
1369 4311 1498 4376 XN‚
1528 4311 1585 4362 et
1613 4310 1673 4361 in
1701 4309 1790 4362 his
1820 4313 1870 4375 δ,
1900 4310 1959 4361 in
1986 4309 2073 4364 his
2104 4310 2247 4383 (et)
2277 4312 2509 4382 Bentley
2655 4318 2720 4365 22
2760 4320 2908 4366 cere-

614 4394 764 4445 alam
791 4397 850 4444 X
951 4397 1018 4444 23
1055 4391 1114 4443 in
1152 4391 1278 4443 add.
1317 4390 1469 4445 Torr.
1588 4390 1863 4443 militores
1896 4391 1969 4443 M
2003 4390 2354 4460 (militatores
2393 4393 2466 4460 ὃ),
2502 4393 2745 4446 motores
2775 4393 2911 4462 11¹9

616 4479 683 4524 24
718 4489 989 4524 nouarum
1020 4488 1204 4523 rerum
1238 4470 1288 4523 G
1432 4475 1499 4522 25
1537 4469 1750 4523 laniam
1779 4475 1838 4524 X
1870 4474 2026 4539 (corr.
2063 4472 2239 4540 L³T²)
2386 4478 2452 4525 26
2492 4471 2794 4526 abductam
2831 4474 2910 4532 Τς

616 4550 981 4619 (Beroaldus),
1020 4550 1322 4603 adductam
1358 4551 1451 4603 rel.
1484 4552 1576 4618 (Ω)
1724 4556 1789 4603 27
1830 4551 1930 4605 Eu.
1959 4552 2134 4605 tacito
2177 4554 2244 4619 G,
2282 4553 2525 4606 εὐτακτῶ
2562 4554 2711 4623 uulq.
