3325 5209
605 409 733 473 124
1300 406 1354 461 C.
1397 407 1712 461 SVETONI
1749 405 2193 471 TRANQVILLI

598 572 780 635 nium
819 569 1224 655 Caepionem,
1264 573 1375 654 qui
1413 592 1559 634 cum
1596 569 1890 634 Varrone
1928 568 2198 633 Murena
2235 569 2304 631 in
2340 567 2711 652 Augustum
2753 589 2897 631 con-

600 680 974 762 spirauerat,
1021 700 1200 741 reum
1249 679 1603 741 maiestatis
1651 676 1821 760 apud
1859 675 2097 740 iudices
2136 676 2287 738 fecit
2325 680 2389 739 et
2427 674 2894 739 condemnauit.

598 786 892 868 interque
951 784 1110 847 haec
1170 783 1490 867 duplicem
1548 804 1767 846 curam
1829 783 2323 865 administrauit,
2384 803 2673 845 annonae
2735 802 2897 863 quae

598 893 797 956 artior
851 890 1188 972 inciderat,
1246 894 1309 953 et
1365 889 1919 974 repurgandorum
1975 893 2113 953 tota
2167 887 2356 952 Italia
2403 887 2895 974 ergastulorum,

597 1020 873 1081 quorum
938 997 1179 1060 domini
1247 999 1315 1060 in
1380 997 1690 1060 inuidiam
1756 1000 2064 1060 uenerant
2134 995 2318 1079 quasi
2383 999 2684 1077 exceptos
2751 1015 2895 1076 sup·
2951 1019 2978 1059 ⁶

596 1105 949 1188 primerent
996 1127 1125 1168 non
1184 1104 1391 1167 solum
1450 1104 1731 1167 uiatores
1780 1104 1887 1167 sed
1936 1107 2000 1166 et
2047 1124 2209 1186 quos
2258 1102 2638 1167 sacramenti
2685 1105 2896 1163 metus

601 1212 680 1274 ad
726 1213 862 1275 eius
911 1211 1085 1274 modi
1132 1210 1410 1274 latebras
1460 1210 1894 1293 compulisset.

519 1316 564 1380 9
760 1314 1113 1402 ‘Stipendia
1157 1318 1366 1401 prima
1411 1317 1817 1401 expeditione
1858 1317 2237 1380 Cantabrica
2275 1316 2573 1379 tribunus
2614 1313 2895 1377 militum

573 1425 769 1508 'fecit,
817 1425 962 1488 dein
1011 1424 1202 1488 ducto
1251 1425 1330 1487 ad
1379 1422 1708 1507 Orientem
1756 1424 2041 1487 exercitu
2088 1445 2356 1508 regnum
2404 1421 2745 1485 Armeniae
2793 1420 2895 1483 Ti-

600 1532 784 1616 grani
832 1531 1116 1601 restituit
1164 1552 1236 1594 ac
1282 1554 1400 1614 pro
1449 1531 1760 1595 tribunali
1806 1531 2098 1594 diadema
2135 1530 2460 1613 imposuit.
2543 1528 2784 1610 recepit
2832 1529 2895 1589 et
2926 1552 2977 1592 ιο

601 1639 803 1722 signa,
851 1660 1013 1720 quae
1060 1638 1146 1701 M.
1179 1637 1406 1702 Crasso
1455 1618 1826 1702 ademerant
1869 1637 2112 1701 Parthi.
2203 1642 2354 1720 post
2399 1637 2524 1700 hoc
2564 1634 2894 1699 Comatam

602 1744 874 1808 Galliam
922 1767 1087 1809 anno
1135 1746 1268 1808 fere
1315 1745 1481 1808 rexit
1529 1749 1592 1808 et
1640 1746 2061 1807 barbarorum
2109 1743 2582 1808 incursionibus
2622 1746 2685 1805 et
2723 1740 2896 1825 prin-

601 1853 812 1936 cipum
880 1834 1199 1933 discordia
1270 1852 1639 1935 inquietam.
1744 1852 1893 1915 exin
1956 1851 2293 1915 Raeticum
2359 1849 2895 1930 Vindelicumque

529 1973 559 2020 2
600 1958 869 2041 bellum,
917 1958 1063 2022 inde
1110 1959 1578 2040 Pannonicum,
1626 1959 1773 2021 inde
1823 1956 2273 2021 Germanicum
2322 1957 2537 2041 gessit.
2631 1956 2895 2019 Raetico

600 2069 791 2148 atque
846 2065 1182 2128 Vindelico
1240 2067 1448 2150 gentis
1505 2064 1804 2148 Alpinas,
1862 2064 2232 2127 Pannonico
2290 2063 2571 2127 Breucos
2628 2067 2692 2126 et
2746 2062 2895 2125 Dal·
2927 2087 2977 2127 15

600 2177 804 2235 matas
855 2172 1138 2257 subegit,
1188 2158 1580 2235 Germanico
1607 2170 2031 2254 quadraginta
2067 2171 2247 2233 milia
2284 2170 2733 2232 dediticiorum
2770 2173 2895 2230 tra-

599 2279 750 2342 iecit
815 2279 882 2341 in
950 2278 1220 2343 Galliam
1288 2279 1594 2359 iuxtaque
1659 2278 1869 2360 ripam
1935 2276 2175 2344 Rheni,
2213 2275 2471 2339 sedibus
2540 2275 2895 2360 adsignatis

600 2386 981 2448 conlocauit.
1075 2407 1232 2467 quas
1291 2384 1372 2446 ob
1430 2405 1530 2446 res
1579 2388 1641 2445 et
1691 2404 1890 2447 ouans
1939 2387 2002 2445 et
2059 2384 2249 2446 c‘urru
2294 2382 2520 2445 urbem
2567 2383 2895 2466 ingressus

599 2496 713 2573 est,
760 2490 959 2573 priUS,
1004 2496 1078 2553 ut
1125 2489 1383 2574 quidam
1431 2494 1691 2573 putant,
1728 2489 2229 2571 triumphalibus
2270 2489 2659 2552 ornamentis
2696 2489 2895 2551 hono-

600 2602 796 2680 ratuS,
845 2619 1015 2660 nouo
1064 2619 1181 2661 nec
1229 2601 1414 2659 antea
1463 2597 1761 2679 cuiquam
1809 2597 2051 2659 tributo
2103 2618 2330 2681 genere
2377 2595 2658 2659 honoris.
2925 2623 2979 2662 20

530 2717 560 2764 3
778 2702 1196 2787 Magistratus
1245 2707 1309 2766 et
1355 2704 1668 2767 maturius
1717 2703 2048 2766 incohauit
2094 2708 2157 2766 et
2202 2724 2402 2786 paen-e
2451 2703 2719 2767 iunctim
2758 2724 2895 2786 per-

600 2810 908 2891 cucurrit,
975 2815 1385 2892 quaesturam
1452 2814 1821 2894 praeturam
1888 2810 2318 2894 consulatum3
2383 2810 2895 2892 interpositoque

600 2919 888 3000 tempore
936 2918 1161 2980 consul
1206 2919 1441 2980 iterum
1489 2919 1684 2981 etiam
1730 2898 2145 2981 tribuniciam
2184 2921 2570 3000 potestatem
2608 2917 2676 2979 in
2714 2917 2894 2999 quin·

493 3018 583 3084 10
605 3023 953 3107 quennium
1000 3025 1263 3108 accepit.
1348 3028 1445 3088 tot
1494 3025 1815 3111 prosperis
1879 3023 2347 3087 confluentibus
2395 3025 2643 3108 integra
2690 3028 2894 3087 aetate

602 3152 675 3193 ac
730 3130 1087 3194 ualitudine
1148 3133 1377 3194 statuit
1439 3135 1700 3214 repente
1759 3131 2046 3221 secedere
2105 3152 2297 3213 seque
2344 3154 2377 3193 e
2434 3129 2643 3194 medio
2701 3153 2893 3212 quam
2924 3156 2977 3196 25

598 3238 975 3321 longissime
1037 3260 1358 3302 amouere:
1420 3238 1690 3323 dubium
1753 3238 2052 3301 uxorisne
2123 3239 2361 3320 taedi0,
2431 3259 2622 3320 quam
2688 3258 2895 3320 neque

602 3345 925 3408 criminari
983 3349 1093 3408 aut
1155 3344 1475 3435 dimittere
1533 3344 1793 3406 auderet
1838 3366 2044 3427 neque
2101 3346 2272 3408 ultra
2327 3328 2610 3426 perferre
2656 3349 2894 3427 posset,

746 3596 808 3643 13
828 3608 945 3657 sqq.
1014 3592 1249 3658 Eutrop.
1302 3592 1426 3644 VII
1454 3595 1488 3644 9
1543 3589 1757 3644 bellum
1814 3590 2247 3658 (Germanicum)
2301 3606 2403 3657 per
2456 3590 2724 3655 Drusum,
2781 3592 2895 3659 pri-

599 3670 831 3739 uignum
880 3688 1066 3735 suum,
1119 3670 1564 3736 administrauit,
1605 3670 1751 3722 sicut
1787 3686 1889 3737 per
1926 3669 2238 3736 Tiberium,
2274 3670 2597 3740 priuignum
2638 3671 2895 3737 alterum,

598 3749 981 3803 Pannonicum
1022 3750 1175 3821 <quo
1213 3751 1457 3804 Breucos
1506 3753 1562 3803 et
1607 3750 1901 3803 Dalmatas
1951 3749 2202 3818 subegit,
2242 3749 2445 3803 deinde
2484 3751 2722 3803 alterum
2761 3750 2896 3804 Ger-

598 3831 882 3883 manicum
928 3832 1099 3884 inseri
1144 3832 1267 3884 uult
1307 3832 1361 3885 G.
1385 3830 1714 3901 Schrader),
1764 3848 1873 3897 quo
1921 3830 2070 3882 bello
2109 3829 2202 3882 XL
2242 3830 2594 3897 captiuorum
2632 3831 2790 3884 milia
2828 3849 2894 3884 ex

601 3910 901 3964 Germania
937 3910 1229 3963 transtulit
1268 3914 1324 3962 et
1362 3927 1531 3978 supra
1570 3910 1754 3978 ripam
1793 3910 1976 3962 Rheni
2014 3910 2072 3962 in
2113 3909 2297 3962 Gallia
2337 3910 2670 3964 conlocauit.
2743 3912 2891 3965 Oros.

611 3993 697 4045 VI
725 3996 908 4057 21,24
947 3991 1250 4043 Germanos
1288 3990 1437 4043 bello
1477 3990 1744 4058 arripuit,
1792 4006 1821 4044 e
1860 3990 2065 4058 quibus
2105 3989 2482 4058 quadraginta
2519 3991 2678 4044 milia
2716 3992 2895 4060 capti-

597 4089 793 4124 uorum
832 4074 1012 4124 uictor
1051 4071 1301 4123 abduxit.

742 4307 775 4353 4
812 4303 1305 4371 repugnandorum
1337 4302 1454 4355 GV
1485 4305 1566 4370 (in
1613 4303 1710 4355 hoc
1759 4321 1793 4353 n
1832 4303 1994 4370 prior
2031 4304 2322 4371 θωρακεῖα)
2473 4308 2501 4355 7
2541 4303 2799 4356 latrieras
2843 4304 2894 4355 G

601 4387 630 4433 9
671 4380 874 4435 deinde
910 4384 987 4440 Τς
1026 4384 1216 4451 (aula)
1385 4388 1450 4435 10
1489 4399 1588 4451 pro
1630 4399 1727 4435 om.
1765 4381 1816 4434 G
1981 4389 2045 4434 15
2086 4382 2318 4435 brencos
2349 4384 2427 4448 L,
2474 4383 2745 4436 breuncos
2785 4383 2894 4445 ST,

598 4460 837 4513 breunos
878 4463 948 4527 R,
986 4462 1224 4515 brennos
1245 4464 1306 4514 H
1330 4469 1378 4515 et
1405 4464 1483 4515 sic
1512 4479 1617 4530 pro
1647 4480 1701 4515 u.
1736 4463 1767 4514 l.
1789 4478 1857 4515 38.
1880 4464 1942 4514 in
1964 4464 2018 4517 R
2166 4467 2229 4514 19
2269 4463 2483 4530 primus
2520 4461 2670 4516 ΤῬ2
2700 4464 2892 4531 (uuly)

600 4547 663 4592 21
701 4541 954 4594 iunctum
992 4542 1176 4611 VL¹Q
1212 4549 1262 4595 et
1300 4543 1381 4593 Π1
1418 4550 1480 4596 ut
1516 4543 1740 4596 uidetur
1885 4548 1951 4594 26
1991 4558 2172 4609 neque
2210 4560 2309 4596 om.
2345 4542 2396 4595 G
