3325 5209
640 413 721 475 14
1294 409 1350 464 C.
1392 408 1705 463 SVETONI
1748 407 2192 472 TRANQVILLI

638 579 834 658 esset,
899 596 973 637 ea
1038 596 1199 657 quae
1265 572 1344 637 ad
1408 573 1668 655 epulum
1723 572 2150 655 pertinerent,
2216 572 2511 653 quamuis
2577 570 2936 634 macellaris

567 698 598 747 3
637 681 958 766 ablocata,
1017 681 1210 743 etiam
1277 678 1746 743 domesticatim
1813 676 2179 761 apparabat.
2272 675 2661 761 gladiatores
2724 680 2936 758 notOS,

637 787 845 852 sicubi
904 786 1155 850 infestis
1217 784 1682 870 spectatoribus
1745 784 2147 866 dimicarent,
2209 783 2276 847 ui
2337 783 2675 866 rapiendos
2734 803 2935 846 reser-

636 893 1007 977 uandosque
1064 891 1424 956 mandabat.
1516 892 1761 955 tirones
1817 912 2026 973 neque
2084 892 2150 953 in
2204 891 2358 954 ludo
2413 911 2621 973 neque
2676 911 2793 972 per
2844 890 2934 951 la—

634 1001 855 1082 nistas,
903 999 1013 1064 sed
1059 1001 1129 1063 in
1175 999 1470 1063 domibus
1518 1020 1631 1081 per
1679 999 1927 1081 equites
1963 996 2292 1061 Romanos
2339 1000 2531 1080 atque
2578 996 2771 1059 etiam
2818 1017 2934 1077 per
2990 1020 3015 1060 u

638 1111 961 1171 senatores
1009 1127 1333 1170 armorum
1379 1105 1621 1188 peritos
1670 1104 2028 1185 erudiebat,
2083 1103 2382 1187 precibus
2430 1102 2704 1185 enitens,
2761 1101 2934 1185 quod

636 1213 930 1296 epistulis
971 1214 1107 1276 eius
1148 1212 1524 1294 ostenditur,
1561 1215 1635 1275 ut
1674 1210 2080 1294 disciplinam
2110 1209 2509 1295 singulorum
2540 1209 2933 1291 susciperent

634 1320 886 1403 ipsique
951 1319 1192 1383 dictata
1261 1318 1704 1382 exercentibus
1772 1318 2010 1381 darent.
2111 1316 2476 1401 legionibus
2541 1313 2931 1398 stipendium

634 1425 703 1488 in
757 1429 1141 1509 perpetuum
1198 1424 1566 1508 duplicauit.
1651 1422 2076 1507 frumentum,
2141 1423 2438 1505 quotiens
2505 1422 2688 1504 copia
2744 1424 2932 1502 esset,

636 1532 829 1595 etiam
889 1532 1027 1594 sine
1083 1532 1273 1595 modo
1332 1552 1757 1613 mensuraque
1813 1529 2109 1612 praebuit
2163 1550 2236 1592 ac
2295 1527 2550 1613 singula
2609 1526 2931 1591 interdum
2963 1552 3015 1591 10

529 1638 615 1703 27
641 1637 961 1721 mancipia
1014 1637 1136 1721 e[t]
1192 1637 1513 1721 praed[i]a
1568 1636 1816 1719 uiritim
1874 1636 2062 1699 dedit.
2149 1637 2226 1698 ad
2274 1634 2670 1699 retinendam
2718 1637 2929 1696 autem

635 1742 906 1827 Pompei
951 1744 1486 1808 necessitudinem
1534 1765 1605 1807 ac
1651 1742 2055 1807 uoluntatem
2104 1740 2436 1806 Octauiam
2493 1740 2732 1805 sororis
2780 1761 2930 1802 suae

635 1854 921 1933 neptem,
978 1873 1138 1934 quae
1196 1849 1352 1915 Gaio
1400 1849 1706 1914 Marcello
1764 1853 1967 1932 nupta
2022 1853 2184 1932 erat,
2242 1848 2677 1913 condicionem
2725 1846 2786 1909 ei
2831 1845 2931 1907 de-

637 1957 788 2021 tulit
835 1958 1086 2040 sibique
1131 1957 1331 2021 filiam
1389 1959 1526 2020 eius
1574 1957 1639 2020 in
1688 1956 2171 2020 matrimonium
2218 1955 2385 2039 petit
2428 1953 2669 2017 Fausto
2718 1951 2931 2016 Sullae

638 2064 1036 2127 destinatam.
1103 2065 1402 2128 omnibus
1440 2084 1594 2127 uero
1635 2064 1807 2127 circa
1844 2085 1988 2126 eum
2028 2066 2223 2144 atque
2260 2061 2453 2126 etiam
2491 2063 2671 2144 parte
2699 2080 2932 2143 magna
2961 2084 3012 2124 15

637 2174 892 2234 senatus
949 2171 1232 2256 gratuito
1291 2174 1402 2233 aut
1456 2170 1587 2233 leui
1632 2169 1893 2233 faenore
1942 2168 2292 2252 obstrictis,
2349 2190 2428 2231 ex
2480 2167 2730 2250 reliquo
2779 2187 2931 2248 quo-

636 2299 760 2360 que
817 2278 1114 2341 ordinum
1171 2299 1399 2362 genere
1455 2277 1559 2340 uel
1615 2277 1926 2340 inuitatos
1982 2275 2089 2340 uel
2145 2279 2372 2359 sponte
2423 2274 2504 2337 ad
2551 2295 2618 2338 se
2663 2293 2930 2337 comme—

562 2439 568 2444 .
636 2385 804 2447 antis
852 2384 1175 2446 uberrimo
1224 2383 1553 2468 congiario
1599 2382 2138 2466 prosequebatur,
2184 2381 2451 2446 libertos
2497 2382 2761 2464 insuper
2806 2400 2930 2442 ser-

636 2490 950 2572 uulosque
997 2490 1323 2573 cuiusque,
1368 2492 1566 2572 prout
1613 2489 1874 2552 domino
1921 2492 2275 2571 patronoue
2324 2491 2543 2572 gratus
2592 2485 2703 2569 qui
2749 2489 2930 2549 esset.

565 2614 596 2660 2
638 2600 774 2658 tum
832 2616 1089 2659 reorum
1145 2599 1255 2658 aut
1311 2595 1761 2660 obaeratorum
1809 2599 1918 2658 aut
1977 2594 2281 2678 prodigae
2326 2593 2682 2658 iuuentutis
2731 2591 2930 2656 subsi-
2961 2617 3012 2654 so

639 2701 817 2764 dium
862 2701 1124 2765 unicum
1172 2723 1246 2765 ac
1289 2702 1850 2786 promptissimum
1899 2705 2061 2785 erat,
2116 2701 2244 2764 nisi
2292 2723 2453 2784 quos
2510 2699 2772 2785 grauior
2816 2698 2932 2761 cri-

638 2807 884 2870 minum
932 2807 1035 2871 uel
1082 2808 1335 2892 inopiae
1382 2808 1754 2872 luxuriaeue
1800 2808 1901 2871 uis
1939 2811 2214 2892 urgeret,
2263 2829 2456 2890 quam
2492 2810 2566 2869 ut
2602 2802 2930 2869 subueniri

637 2918 859 2998 posset
904 2937 941 2977 a
989 2937 1082 2999 se3
1137 2915 1240 2978 his
1293 2915 1483 2999 plane
1540 2915 1753 2998 palam
1809 2914 1981 2978 bello
2039 2914 2216 2977 ciuili
2272 2936 2432 2996 opus
2480 2934 2616 2976 esse
2664 2911 2929 2974 dicebat.

532 3020 619 3085 28
641 3044 756 3084 nec
810 3022 1056 3085 minore
1111 3021 1322 3085 studio
1387 3044 1568 3106 reges
1626 3026 1818 3105 atque
1879 3021 2240 3104 prouincias
2295 3042 2410 3103 per
2464 3023 2779 3082 terrarum
2834 3039 2930 3080 or-

638 3128 780 3191 bem
840 3128 1205 3213 adiiciebat,
1271 3127 1414 3191 aliis
1481 3127 1888 3211 captiuorum
1953 3127 2133 3190 milia
2195 3127 2362 3190 dono
2426 3126 2725 3209 offerens,
2785 3122 2929 3186 aliis
2958 3149 3010 3189 25

639 3236 799 3298 citra
845 3239 1101 3299 senatus
1146 3235 1498 3318 populique
1544 3234 2010 3316 auctoritatem,
2059 3255 2186 3317 quo
2235 3233 2475 3296 uellent
2522 3237 2587 3295 et
2634 3231 2929 3314 quotiens

639 3341 906 3424 uellent,
954 3341 1193 3405 auxilia
1240 3341 1626 3404 submittens
1637 3391 1653 3423 ,
1708 3361 2024 3423 superque
2069 3338 2293 3403 Italiae
2343 3337 2821 3420 Galliarumque
2867 3339 2931 3399 et

638 3447 1126 3532 Hispaniarum,
1182 3447 1377 3511 Asiae
1432 3469 1686 3531 quoque
1742 3451 1806 3510 et
1854 3445 2152 3511 Graeciae
2206 3445 2683 3529 potentissimas
2738 3443 2929 3506 urbes

567 3571 597 3618 2
635 3555 995 3638 praecipuis
1051 3554 1350 3637 operibus
1406 3575 1749 3638 exornans3
1812 3555 2037 3636 donec,
2099 3553 2392 3616 attonitis
2448 3553 2576 3614 iam
2632 3548 2929 3614 omnibus

639 3665 702 3724 et
776 3682 1083 3743 quorsum
1156 3660 1269 3723 illa
1343 3659 1676 3723 tenderent
1748 3659 2226 3742 reputantibus,
2298 3658 2551 3722 Marcus
2629 3655 2928 3719 Claudius
2957 3681 3011 3721 so

636 3766 976 3829 Marcellus
1034 3769 1258 3831 consul
1314 3767 1519 3830 edicto
1575 3766 1901 3851 praefatus
1911 3816 1929 3849 ,
1985 3765 2062 3829 de
2118 3787 2368 3829 summa
2428 3787 2494 3828 se
2548 3785 2616 3827 re
2671 3762 2930 3846 publica

783 3975 809 4021 1
849 3969 1122 4039 populum
1163 3969 1214 4023 G
1357 3974 1388 4020 2
1429 3968 1693 4020 adlocata
1738 3970 1804 4035 T,
1853 3966 2112 4020 oblocata
2150 3966 2357 4025 P¹O¹3
2403 3966 2625 4035 (aula),
2673 3963 2740 4015 al‘
2775 3962 2930 4016 oblo-

638 4052 766 4103 cata
805 4049 888 4102 Π2
924 4051 989 4103 in
1024 4067 1194 4120 marq.
1237 4050 1325 4115 (cf.
1367 4049 1472 4103 Vit.
1506 4052 1560 4117 7)
1717 4053 1747 4099 3
1787 4049 2203 4116 seruandosque
2245 4048 2297 4100 V
2446 4050 2476 4097 9
2527 4044 2689 4112 copia
2735 4060 2834 4098 om.
2878 4043 2929 4097 G

641 4136 703 4182 11
745 4145 774 4182 e
805 4134 892 4197 (ex
932 4130 1133 4198 Ursin.)
1171 4129 1384 4198 praeda
1417 4129 1564 4182 Roth
1601 4129 1690 4196 (cf.
1725 4128 1871 4181 Caes,
1904 4129 1949 4181 b.
1985 4129 2050 4181 G.
2085 4128 2208 4181 VII
2227 4130 2340 4195 89),
2379 4128 2437 4178 et
2471 4124 2708 4193 praedia
2743 4127 2930 4191 (pran-

638 4208 733 4261 dia
754 4208 818 4278 Q)
835 4211 904 4274 Ω,
925 4211 981 4262 et
999 4225 1201 4277 pecora
1217 4210 1412 4263 Burm.
1503 4213 1567 4260 13
1591 4206 1975 4260 condicionem
1997 4209 2066 4261 M
2071 4207 2144 4261 ¹64
2158 4208 2255 4261 VL
2265 4207 2300 4272 ¹,
2322 4223 2415 4258 -ne
2435 4207 2527 4259 rel.
2619 4210 2685 4258 14
2701 4203 2811 4256 sibi
2829 4202 2880 4256 G

635 4288 806 4357 petiit
832 4291 879 4340 Τ
1012 4295 1077 4341 16
1106 4289 1353 4357 gratuite
1377 4288 1442 4352 G,
1473 4287 1659 4356 gratia
1682 4287 1875 4340 Modd.
2006 4288 2127 4357 aut]
2159 4303 2224 4340 ac
2258 4287 2303 4356 Q
2433 4300 2710 4352 quemque
2731 4284 2927 4337 Burm.

639 4374 705 4421 18
752 4369 1197 4436 prosequebatur
1231 4368 1312 4421 L2
1329 4369 1377 4420 T
1385 4384 1450 4434 ς,
1502 4366 1945 4435 persequebatur
1984 4369 2077 4420 rel.
2108 4369 2201 4436 (Ω)
2384 4370 2448 4417 19
2497 4365 2594 4433 qui
2634 4367 2707 4418 M
2713 4364 2748 4429 ¹,
2803 4363 2930 4431 quis

639 4452 712 4503 M
716 4448 795 4501 2Χ
800 4448 881 4514 Ὗ,
921 4447 1117 4512 Quiuis
1141 4451 1192 4504 G
1328 4453 1395 4500 20
1425 4450 1546 4500 tum
1572 4451 1619 4500 Τ
1643 4448 1766 4516 (uix
1792 4449 1964 4515 recte),
2003 4449 2121 4499 tam
2145 4445 2366 4511 MGX',
2403 4446 2520 4498 iam
2540 4462 2572 4504 ς
2601 4445 2691 4511 (cf.
2716 4445 2930 4513 Vit.14)

636 4536 702 4583 21
743 4528 854 4582 nisi
891 4528 1027 4601 (si)
1057 4530 1231 4583 Polak
1375 4534 1442 4581 22
1479 4528 1596 4599 uel]
1637 4529 1738 4580 aut
1777 4527 1828 4580 G
1974 4532 2040 4579 30
2080 4530 2136 4579 et
2174 4543 2275 4580 om,
2308 4527 2359 4579 V
