3325 5209
585 373 715 437 150
1275 371 1686 428 C.SVETON1
1706 371 2166 436 TRANQVILLI

576 542 1005 645 nepotemque
1053 558 1239 600 suum
1296 560 1373 601 ex
1420 536 1632 601 Druso
1672 531 1816 599 filio
1863 535 2222 599 naturalem
2280 534 2359 598 ad
2405 531 2870 646 successionem

581 645 835 728 imperii
883 644 1305 707 confirmaret.

474 749 566 815 56
757 749 981 814 Nihilo
1038 750 1245 814 lenior
1298 750 1364 813 in
1422 752 1820 815 conuictores
1872 749 2246 833 Graeculos,
2302 743 2534 833 quibus
2591 747 2710 810 uel.
2742 769 2871 810 ma-

577 858 747 922 xime
812 857 1289 941 adquiescebat,
1352 857 1685 922 Xenonem
1753 857 2070 939 quendam
2136 855 2517 939 exquisitius
2574 854 2936 947 881111081-κ

575 969 836 1029 nantem
876 987 1021 1029 cum
1060 966 1535 1050 interrogasset,
1584 981 1896 1048 quaenam
1934 964 2047 1027 illa
2081 969 2214 1028 tam
2254 963 2526 1027 molesta
2563 953 2868 1024 dialectos
2917 932 2957 1020 5)

575 1075 761 1153 esset,
815 1075 880 1135 et
935 1071 1043 1135 ille
1098 1072 1531 1155 respondisset
1585 1071 1921 1154 Doridem,
1976 1070 2289 1156 relegauit
2337 1068 2686 1151 Cinariam,
2743 1066 2867 1130 exi-
2925 1072 2944 1095 Χ

575 1174 842 1242 stimans
917 1173 1374 1261 exprobratum
1441 1178 1564 1242 sibi
1627 1183 1910 1242 ueterem
1975 1195 2325 1262 secessum,
2359 1171 2364 1178 ’
2399 1176 2572 1259 quod
2636 1174 2868 1238 Dorice

575 1280 815 1349 Rhodii
878 1284 1241 1392 loquantur.
1334 1280 1488 1349 item
1555 1306 1701 1349 cum
1767 1280 2000 1349 soleret
2063 1306 2140 1347 ex
2204 1279 2481 1348 lectione
2547 1276 2868 1347 cotidiana

574 1392 979 1475 quaestiones
1030 1387 1219 1474 super
1264 1409 1484 1455 cenam
1530 1413 1891 1475 proponere
1937 1391 2480 1475 comperissetque
2529 1388 2866 1452 Seleucum

572 1493 1066 1584 grammaticum
1115 1520 1152 1561 a
1198 1499 1507 1563 ministris
1554 1499 1686 1562 suis
1741 1498 2136 1582 perquirere,
2165 1518 2353 1580 quos
2407 1518 2664 1581 quoque
2710 1490 2867 1558 tem·
2898 1515 2949 1554 ιο

573 1627 728 1689 pore
774 1608 1077 1670 tractaret
1112 1609 1421 1688 auctores,
1468 1610 1661 1688 atque
1700 1606 1793 1670 ita
1826 1600 2276 1689 praeparatum
2315 1602 2552 1687 uenire,
2587 1603 2866 1686 primurn

576 1734 613 1774 a
659 1707 1079 1776 contubernio
1128 1713 1423 1796 remouit,
1470 1713 1695 1776 deinde
1743 1713 1938 1776 etiam
1984 1712 2064 1776 ad
2111 1716 2385 1775 mortem
2432 1706 2778 1792 compulit.

471 1816 562 1882 57
762 1815 964 1882 Saeua
1009 1841 1082 1882 ac
1126 1820 1302 1883 lenta
1346 1825 1573 1884 natura
1618 1842 1700 1884 ne
1747 1821 1814 1883 in
1860 1841 2057 1902 puero
2106 1818 2363 1901 quidem
2409 1817 2624 1881 latuit:
2664 1811 2866 1901 ,quam

584 1921 959 1989 Theodorus
1007 1924 1329 1990 Gadareus
1375 1922 1735 1991 rhetoricae
1776 1930 2154 2011 praeceptor
2200 1930 2263 1989 et
2299 1924 2699 2008 perspexisse
2743 1924 2867 2007 pri-

574 2055 717 2097 mus
765 2030 1080 2118 sagaciter
1135 2038 1198 2098 et
1253 2029 1661 2098 assimulasse
1720 2028 2051 2117 aptissime
2097 2029 2275 2097 uisus
2323 2036 2439 2114 est,
2484 2030 2753 2094 subinde
2801 2030 2864 2093 in
2898 2049 2947 2090 15

334 2156 409 2255 7
575 2140 974 2225 obiurgando
1023 2140 1352 2224 appellans
1404 2162 1551 2204 eum
1596 2135 1812 2223 πηλὸν
1860 2139 2081 2220 αἵματι
2126 2134 2613 2223 πεφυραμένον,
2661 2135 2726 2201 id
2772 2142 2866 2200 est

390 2292 401 2339 Ι
573 2247 785 2311 lutum
833 2269 870 2309 a
917 2234 1225 2332 'sanguine
1282 2251 1691 2311 maceratum
1777 2246 1887 2310 sed
1946 2234 2275 2328 aliquanto
2326 2245 2531 2329 magis
2578 2245 2646 2307 in
2690 2245 2863 2327 prin-

575 2353 716 2437 cipe
763 2353 995 2436 eluxit,
1052 2355 1243 2416 etiam
1293 2352 1460 2417 inter
1508 2350 1694 2416 initia
1749 2375 1894 2416 cum
1941 2351 2167 2416 adhuc
2195 2352 2482 2415 fauorem
2530 2348 2864 2414 hominum

505 2476 535 2522 2
577 2403 1032 2524 moderationis
1080 2459 1488 2525 simulatione
1535 2462 1834 2543 captaret.
1919 2480 2220 2542 scurram,
2268 2459 2379 2541 qui
2424 2461 2868 2543 praetereunte·

572 2566 794 2630 funere
862 2567 1029 2630 clare
1090 2570 1345 2631 mortuo
1413 2567 1774 2650 mandarat,
1827 2569 1903 2629 ut
1960 2566 2286 2630 nuntiaret
2330 2564 2630 2651 Augusto
2684 2561 2865 2628 non-
2894 2584 2947 2623 20

572 2673 745 2737 dum
798 2673 1014 2737 reddi
1057 2673 1313 2758 legata
1352 2696 1538 2757 quae
1576 2673 1831 2756 p-lebei
1872 2670 2349 2757 reliquisset,
2392 2672 2748 2737 adtractum
2787 2672 2866 2734 ad

573 2802 641 2844 se
679 2781 959 2863 recipere
1006 2780 1293 2845 debitum
1336 2776 1627 2862 ducique.
1654 2780 1735 2843 ad
1773 2779 2161 2863 supplicium
2200 2780 2543 2864 imperauit
2589 2784 2653 2844 et
2697 2779 2867 2862 patri

575 2909 693 2951 suo
740 2909 963 2952 uerum
1019 2888 1271 2952 referre.
1355 2909 1471 2952 nec
1515 2887 1723 2950 multo
1779 2890 1930 2970 post
1983 2886 2052 2949 in
2109 2890 2334 2951 senatu
2378 2885 2688 2970 Pompeio
2735 2881 2865 2950 cui-

579 2995 726 3057 dam
784 2995 992 3077 ‘equiti
1056 2993 1130 3058 R.
1190 2995 1491 3078 quiddam
1557 2990 1964 3080 perneganti,
2003 2994 2180 3057 ⁴dum
2244 2994 2503 3058 uincula
2566 2994 2864 3075 minatur,

579 3100 1104 3166 affirmauit'fore
1150 3106 1234 3166 ut
1269 3124 1357 3166 ex
1392 3101 1756 3185 Pompeio
1795 3100 2301 3184 Pompeianus
2339 3101 2593 3183 fieret,
2639 3098 2864 3163 acerba
2893 3119 2943 3159 25

579 3208 988 3272 cauillatione
1046 3209 1238 3273 simul
1283 3208 1563 3273 hominis
1609 3229 1845 3272 nomen
1900 3207 2221 3272 incessens
2269 3211 2677 3289 ueteremque
2724 3228 2863 3290 par-

471 3311 563 3377 58
581 3316 745 3379 tium
792 3316 1135 3380 fortunam.
1220 3316 1336 3380 sub
1385 3316 1554 3379 idem
1601 3312 1857 3398 tempus
1897 3316 2268 3379 consulente
2306 3317 2598 3397 praetore
2646 3335 2726 3375 an
2772 3312 2865 3375 iu-

578 3419 744 3485 dicia
772 3422 1124 3486 maiestatis
1146 3423 1288 3509 cogi
1319 3422 1587 3506 iuberet,
1617 3418 2075 3486 exercendas
2104 3443 2267 3485 esse
2295 3422 2505 3506 leges
2534 3415 2865 3503 respondit

578 3532 642 3593 et
687 3529 1082 3594 atrocissime
1129 3530 1430 3594 exercuit.
1515 3532 1763 3593 statuae
1812 3528 2074 3610 quidam
2120 3527 2401 3614 Augusti
2458 3532 2649 3611 caput
2696 3527 2864 3589 dem-

719 3711 751 3757 4
790 3705 1068 3758 Zenonem
1107 3721 1140 3763 ς
1178 3706 1369 3773 (uuly.)
1550 3710 1580 3755 6
1622 3703 1909 3771 cynariam
1940 3704 2061 3768 LP,
2111 3718 2376 3771 cynaram
2414 3702 2521 3771 (uel
2559 3702 2694 3771 ein-)
2725 3719 2864 3770 pars

575 3785 693 3838 edd.
717 3792 844 3853 post
863 3787 1078 3840 Bonon.
1110 3790 1348 3848 a.1488,
1381 3784 1709 3852 (a)enariam
1738 3800 1770 3841 ς
1801 3782 1899 3850 (ed.
1931 3784 2110 3836 Basil.
2133 3786 2296 3851 1533)
2408 3788 2438 3835 9
2478 3780 2862 3850 comperisset-

577 3882 684 3932 que
704 3865 1060 3931 GVL²PSR‚
1083 3864 1445 3934 comperisset
1462 3865 1584 3917 ML
1595 3864 1628 3927 ¹,
1650 3867 1708 3918 et
1727 3862 2086 3931 comperisset
2097 3865 2156 3914 H
2160 3862 2317 3932 QTN
2319 3864 2354 3914 ὃ
2369 3862 2554 3931 (Roth)
2640 3866 2705 3914 10
2727 3877 2862 3929 quo-

576 3947 705 4017 que]
737 3964 843 4015 que
868 3946 921 3998 V
1062 3952 1127 3998 14
1166 3945 1435 3999 cadareus
1475 3943 1648 4012 (cath-
1679 3945 1748 4012 T)
1770 3946 1838 4009 Ω,
1878 3942 2027 3996 Gad-
2048 3944 2293 4011 primum
2322 3944 2426 4012 leyi
2454 3944 2516 3995 in
2542 3945 2622 3997 ed.
2653 3959 2862 4011 anony-

574 4044 666 4081 ma
704 4029 774 4095 (a.
809 4026 1010 4095 1472?)
1050 4033 1101 4079 et
1136 4027 1197 4079 in
1235 4026 1314 4078 ed.
1351 4042 1402 4077 a.
1433 4029 1580 4077 1480
1763 4029 1827 4075 15
1868 4022 2205 4075 assimilasse
2237 4024 2313 4076 M
2488 4029 2551 4076 16
2591 4023 2650 4075 id
2689 4025 2774 4076 est
2796 4052 2861 4060 —

575 4109 915 4160 maceratum
947 4108 1045 4160 del.
1068 4107 1147 4160 ed.
1177 4107 1327 4158 Iunt.
1360 4123 1412 4159 a.
1435 4109 1578 4158 1510
1687 4100 1753 4156 19
1782 4105 2174 4171 praetereunte
2207 4105 2280 4156 M
2286 4107 2343 4156 X
2348 4101 2361 4119 ‘
2466 4109 2532 4156 20
2570 4103 2736 4156 funus
2766 4108 2823 4157 X
2827 4105 2861 4172 '‚

575 4187 758 4240 funeri
796 4194 846 4241 et
880 4205 947 4241 33.
979 4187 1009 4239 1
1046 4186 1240 4239 funere
1269 4185 1349 4239 L²
1387 4186 1503 4253 (hoc
1539 4185 1702 4238 etiam
1739 4201 1805 4238 ss.
1838 4185 1899 4237 i‘n
1929 4185 1993 4251 S)
2178 4183 2350 4254 clare]
2380 4186 2542 4253 patre
2573 4185 2632 4248 V,
2681 4201 2779 4238 om.
2812 4189 2870 4237 X

578 4267 726 4334 (add.
749 4265 933 4335 L²S2)‚
975 4267 1047 4318 ad
1086 4282 1277 4319 aurem
1298 4265 1367 4318 R.
1392 4265 1570 4334 Unyer
1713 4264 2003 4317 nuntiarat
2034 4267 2108 4318 M
2249 4270 2313 4315 21
2353 4263 2569 4332 plebeis
2602 4264 2668 4329 G,
2707 4263 2862 4333 plebi

578 4350 634 4399 H
642 4346 717 4399 ¹X
748 4347 836 4414 (cf.
867 4365 927 4415 p.
959 4351 1082 4413 149,
1104 4349 1160 4416 8)
1309 4351 1373 4397 22
1414 4343 1636 4411 dieique
1670 4347 1742 4398 M
1879 4347 1944 4397 ut
1965 4377 2030 4384 —-
2051 4344 2282 4398 referret
2313 4346 2486 4399 Polak
2614 4350 2699 4398 -24
2728 4345 2862 4397 dum

575 4426 635 4478 in
660 4426 711 4480 G
820 4432 886 4478 26
924 4430 1289 4494 ueterumque
1327 4441 1447 4479 cum
1485 4425 1661 4479 codice
1701 4426 1971 4479 Tor-rentii
1999 4442 2139 4494 pars
2174 4426 2290 4479 edd.
2323 4425 2508 4493 (Roth)
2620 4430 2687 4478 28
2716 4427 2863 4478 esset

578 4506 781 4576 MVQ¹
927 4513 992 4559 29
1033 4510 1271 4576 augusto
1305 4506 1399 4560 M¹
