3325 5209
592 434 771 488 XVIII
1534 433 1944 489 PRAEFATIO

593 605 690 662 usi
744 606 908 679 sunt,
964 608 1093 664 tum
1138 603 1394 663 Rothius
1449 602 1766 682 diligenter
1821 604 2098 678 contulit,
2159 622 2293 663 oum
2339 604 2411 663 de
2456 603 2894 664 uetustiorIbus

592 691 893 751 Parisinis.
946 692 1102 752 hunc
1165 692 1522 754 Memmiano
1596 692 2059 751 dissimillimum
2133 695 2406 769 expertus
2483 697 2660 754 esset..
2761 695 2897 769 ipse

490 771 935 841 H'examinaui
982 801 1033 841 a.
1077 783 1246 841 1894
1295 784 1356 839 et
1407 783 1592 842 1900.
1689 786 1985 841 corrector
2029 781 2174 843 satis
2223 782 2505 857 antiquus
2553 776 2577 858 (
2585 774 2709 862 112)
2756 783 2890 858 plu-

593 871 748 930 rima
812 870 889 929 ad
954 871 1255 947 exemplar
1318 870 1508 930 codici
1552 871 1611 928 R
1668 862 1750 951 (u.
1788 863 1975 949 infra)
2042 870 2220 929 affine
2275 870 2586 930 emendare
2642 870 2895 946 studuit,

597 979 731 1020 cum
774 961 1098 1037 primarius
1145 961 1277 1019 fons
1324 959 1576 1018 maxime
1621 961 1993 1036 propinquus
2040 961 2222 1019 fuerit
2259 954 2436 1019 alteri
2471 960 2649 1021 huius
2689 959 2892 1019 classis

592 1049 775 1124 libre,
838 1049 993 1108 unde
1047 1051 1318 1108 manauit
1366 1048 1428 1123 Q.
1521 1047 1876 1108 concordare
1931 1049 2117 1125 igitur
2162 1049 2357 1108 solent
2402 1051 2471 1107 Π
2477 1049 2525 1123 Q
2572 1041 2785 1130 (11¹9)
2835 1053 2898 1107 et

597 1130 776 1198 112R.
869 1137 1162 1197 notabilia
1207 1138 1270 1195 in
1319 1139 1388 1195 H
1425 1156 1544 1196 non
1589 1136 1796 1196 inueni
1809 1129 1858 1210 r)
1914 1142 2153 1214 praeter
2206 1138 2666 1215 orthographica
2712 1157 2891 1214 quae·

598 1227 734 1286 dam
783 1220 1133 1306 (disicereut,
1181 1228 1397 1299 ecquid,
1444 1229 1745 1300 spintrias,
1792 1219 2153 1305 fasciisque),
2201 1245 2353 1302 quae
2401 1227 2477 1285 ad
2523 1226 2889 1302 probandam

593 1316 925 1376 bonitatem
978 1316 1131 1374 nihil
1188 1316 1387 1374 ualere
1441 1316 1824 1376 manifestum
1880 1319 1985 1375 est.
2080 1316 2232 1374 alter
2278 1320 2369 1375 est
2424 1316 2548 1375 cod.
2588 1316 2893 1374 Parisinus

519 1406 568 1481 Q
601 1409 771 1466 5802
823 1398 930 1486 (Q)
977 1406 1204 1464 formae
1233 1406 1569 1476 maximae,
1632 1404 1790 1463 binis
1847 1404 2135 1463 columnis
2191 1407 2337 1465 satis
2384 1405 2570 1464 nitide
2618 1408 2893 1464 exaratus

596 1495 835 1556 saeculo
881 1487 1080 1574 XII2).
1174 1497 1412 1569 praeter
1473 1495 1633 1552 uitas
1693 1491 2011 1552 Caesarum
2067 1487 2195 1573 (fol.
2231 1487 2476 1574 1-68)
2522 1494 2893 1569 Ausoniique

593 1602 801 1644 uersus
851 1583 1114 1643 continet
1155 1582 1318 1642 F'lori
1364 1583 1679 1659 epitomen,
1715 1582 1990 1642 Frontini
2038 1585 2481 1660 strategemata,
2518 1584 2894 1660 Eutropium,

597 1672 896 1732 Ciceronis
945 1672 1095 1731 Phil.
1124 1672 1333 1730 I—IV
1379 1675 1439 1730 et
1485 1664 1935 1749 Tusculauas,³)
2027 1672 2441 1732 adnotationes
2490 1691 2641 1748 quae
2688 1674 2896 1731 insunt

594 1762 898 1822 Francisci
942 1760 1256 1820 Petrarcae
1267 1753 1322 1841 4)
1385 1761 1460 1819 ad
1508 1759 1862 1819 Suetonium
1918 1780 2035 1820 non
2092 1763 2366 1837 spectant
2420 1764 2658 1836 praeter
2711 1779 2887 1820 unam

595 1850 671 1910 ad
721 1845 738 1873 ‘
757 1852 972 1910 Versus
1015 1845 1299 1909 Suetonii'
1345 1850 1727 1925 adscriptam,
1776 1852 1880 1924 qui
1923 1855 2062 1926 post
2108 1850 2601 1927 subscriptionem
2646 1851 2747 1910 fol.
2781 1843 2897 1909 68'

595 1941 902 2017 leguntur:
959 1934 1044 1997 ‘in
1100 1938 1457 2014 quibusdam
1512 1937 1684 1998 libris
1740 1942 1831 1997 est
1874 1938 2102 1998 Sidonii
2119 1931 2198 2019 ⁵),
2264 1941 2364 2000 sed
2428 1939 2745 2015 utrobique
2805 1942 2898 1998 est

490 2021 566 2104 9²
594 2048 782 2103 error,
828 2048 966 2087 uere
1005 2029 1164 2086 enim
1203 2031 1341 2086 sunt
1376 2023 1671 2087 Ausonii'.
1732 2026 2100 2087 Suetoniana
2137 2030 2243 2104 qui
2280 2030 2534 2088 correxit
2572 2020 2707 2109 (9²)
2744 2047 2895 2104 pau-

484 2112 491 2122 *
594 2118 893 2194 culasque·
914 2109 1206 2198 glossasff)
1245 2117 1470 2176 adleuit
1506 2117 1742 2176 saeculo
1782 2117 1893 2174 XV
1928 2119 2128 2193 potius
2167 2137 2348 2193 quam
2380 2117 2522 2175 XIV
2558 2117 2889 2177 tribuerim.

592 2206 837 2266 Petrum
865 2206 1180 2266 Pithoeum
1216 2207 1370 2266 libro
1408 2224 1581 2265 usum
1623 2223 1748 2263 esse
1787 2205 2294 2266 Preudfhommius
2331 2207 2467 2265 inde
2506 2206 2806 2266 concludit
2820 2198 2895 2285 ⁷),

596 2296 753 2372 quod
798 2297 901 2354 ille
951 2291 1043 2355 ‘ex
1090 2296 1316 2372 optimo
1364 2291 1539 2353 libro'
1586 2294 1794 2354 laudet
1833 2297 2151 2367 productae
2199 2287 2527 2375 (321,12)‚
2575 2299 2638 2353 at
2684 2294 2892 2355 eadem

593 2387 772 2444 lectio
838 2388 1003 2444 extat
1073 2386 1139 2443 in
1196 2385 1348 2459 HR,
1413 2388 1482 2443 ut
1555 2384 1630 2442 ad
1696 2383 1944 2442 classem
2005 2387 2060 2441 Y
2125 2384 2432 2443 referenda
2498 2387 2591 2444 sit.
2702 2404 2892 2460 neque

595 2477 792 2532 minus
823 2478 1019 2533 caute
1074 2493 1227 2549 quae
1284 2473 1357 2531 ab
1404 2473 1610 2532 eodem
1656 2465 1741 2553 (p.
1785 2466 2076 2553 52—57)
2123 2473 2503 2549 proferuntur
2551 2473 2895 2549 accipienda

597 2582 719 2622 esse
775 2582 966 2637 nuper
1018 2554 1304 2644 monui.⁸)
1397 2564 1526 2637 ipse
1581 2562 1800 2620 librum
1857 2564 2083 2621 excussi
2142 2582 2192 2622 a.
2229 2565 2397 2622 1894
2448 2566 2507 2622 et
2558 2565 2755 2637 1900,
2803 2582 2889 2621 re-

775 2735 826 2801 1)
866 2737 1022 2798 96,24
1074 2750 1309 2801 quarum
1358 2733 1529 2786 etiam
1566 2733 1627 2785 in
1666 2737 1728 2787 H
1767 2732 2001 2802 legitur,
2054 2733 2204 2800 quod
2254 2749 2451 2786 moneo
2503 2735 2735 2801 propter
2772 2732 2891 2785 edi-

595 2805 805 2858 tionem
843 2802 1135 2857 Batauam.

704 2898 736 2943 s·
775 2877 827 2943 2)
866 2875 1118 2930 Exeunte
1155 2875 1344 2944 potius
1382 2874 1483 2927 XII
1521 2893 1691 2943 quam
1719 2874 1846 2928 XIII
1882 2876 2127 2928 ineunte.
2194 2892 2336 2928 saec.
2365 2875 2506 2931 XIII,
2528 2874 2797 2927 tribuitur
2833 2875 2892 2926 in

594 2946 852 3016 catalogo
893 2947 1051 2999 codd.
1091 2964 1190 3000 ms.
1240 2946 1338 2999 lat.
1376 2946 1512 2999 bibl.
1560 2948 1752 3017 regiae
1788 2947 1863 3000 IV
1901 2966 1955 3016 p.
2000 2952 2127 3013 158,
2171 2962 2337 3014 quem
2376 2947 2630 3014 sequitur
2666 2945 2891 3003 Preud'-

591 3019 816 3072 homme
846 3017 1173 3085 (Troisieme
1202 3018 1368 3071 etude
1397 3036 1450 3086 p.
1485 3020 1587 3086 72).
1651 3020 1718 3071 ut
1748 3035 1917 3087 supra
1946 3019 2117 3072 etiam
2146 3016 2398 3086 Droysen
2429 3017 2612 3070 Ruehl
2642 3016 2892 3070 Gunder-

591 3107 763 3143 mann
801 3088 1089 3143 Rossbach
1126 3090 1185 3141 in
1215 3089 1340 3142 edd.
1379 3087 1637 3158 Eutropii
1673 3090 1929 3143 Frontini
1967 3090 2134 3143 Flori.
2200 3090 2259 3142 in
2296 3088 2494 3146 ultimo
2533 3089 2670 3141 folio
2710 3087 2893 3156 (189‘),

591 3161 691 3215 ubi
731 3161 828 3214 οΜ.
863 3159 1037 3213 Tullii
1084 3159 1366 3214 Ciceronis
1417 3160 1859 3215 Tusculanarum
1911 3160 2036 3214 finit
2086 3159 2229 3213 liber
2280 3161 2552 3228 quintus’,
2606 3160 2892 3228 adscripta

594 3236 726 3287 sunt
772 3232 937 3285 haec:
990 3233 1145 3286 ‘Lau
1182 3234 1279 3286 mil
1319 3232 1465 3287 000.
1506 3232 1674 3285 VIII.
1714 3235 1761 3286 le
1789 3236 2027 3300 premier
2061 3232 2199 3299 jowr
2240 3232 2304 3286 de
2350 3232 2579 3287 Jeuuier
2624 3238 2893 3286 eutrereut

583 3321 760 3374 poure
796 3310 921 3373 yeut
957 3322 1023 3357 eu
1061 3305 1174 3358 mal
1211 3304 1328 3357 au'.

774 3379 826 3443 3)
866 3374 1077 3429 Similis
1131 3391 1194 3428 ar
1271 3374 1447 3427 menti
1499 3373 1764 3428 uolumen
1821 3392 1963 3428 saec.
1993 3374 2094 3427 ΧΠ
2130 3374 2190 3426 in
2235 3373 2581 3427 bibliotheca
2625 3372 2888 3428 Beccensi

592 3447 704 3500 fuit
740 3447 831 3515 (cf.
863 3464 1032 3515 supra
1068 3464 1122 3515 p.
1150 3393 1270 3515 15¹

774 3521 826 3585 4)
864 3518 923 3571 P.
955 3519 1024 3570 de
1062 3516 1298 3583 Nolhac,
1335 3517 1636 3584 Petrarque
1678 3520 1734 3570 et
1769 3516 2159 3568 l'humanisme
2198 3534 2252 3584 p.
2286 3521 2386 3568 203
2406 3534 2486 3584 sq.

773 3592 824 3656 5)
863 3589 950 3641 Ita
985 3589 1045 3641 in
1084 3592 1165 3655 H,
1193 3587 1254 3642 in
1291 3586 1653 3642 Dunelmensi
1693 3588 1930 3655 aliisque
1968 3587 2386 3641 recentioribus.

774 3663 825 3728 6)
863 3660 952 3712 Ad
992 3665 1111 3724 95,2
1150 3677 1294 3714 uxor
1329 3663 1635 3727 rarissima,
1676 3659 1747 3711 ad
1789 3664 1978 3726 119,22
2019 3661 2179 3726 (esse)
2218 3660 2254 3711 i.
2296 3660 2576 3724 comedere,
2617 3659 2686 3711 ad
2732 3664 2884 3725 166,2

594 3733 658 3787 de
687 3734 829 3785 uilla
858 3733 1014 3785 Iouis
1043 3735 1189 3800 (cum
1227 3732 1347 3799 ipse
1376 3731 1637 3788 librarius
1672 3730 1955 3799 scripserit
1983 3732 2163 3796 iouis).
2206 3761 2270 3767 —
2312 3730 2384 3782 ad
2411 3729 2513 3782 Iul.
2545 3735 2611 3783 36
2643 3748 2697 3797 p.
2732 3734 2883 3796 19‚l7

594 3803 825 3872 legitur:
878 3803 976 3856 ‘ad
1012 3804 1142 3856 haec
1177 3804 1306 3856 uide
1354 3805 1400 3856 I.
1432 3803 1667 3856 Florum
1718 3803 1781 3855 cle
1820 3803 1951 3855 bello
1980 3803 2191 3869 pmico
2240 3802 2474 3855 secundo
2520 3799 2584 3854 de
2621 3801 2882 3855 Anibale'

593 3874 759 3943 (Flor.
789 3873 814 3925 I
852 3877 1054 3940 22‚19),
1094 3877 1150 3927 et
1188 3875 1390 3927 iterum
1430 3874 1503 3927 ad
1540 3873 1764 3926 Florum
1801 3871 1899 3926 fol.
1932 3871 2041 3925 75‘:
2093 3873 2243 3925 ‘uide
2280 3873 2344 3927 de
2380 3874 2639 3940 Pompeio
2674 3874 2885 3941 s(upra)

592 3949 655 4000 in
702 3946 960 4000 Suetonio
1015 3946 1079 3998 de
1123 3947 1274 3999 Iulio
1328 3945 1520 3999 Cesare
1575 3952 1732 3998 carta
1773 3944 2029 4012 .quaa·ta’;
2086 3942 2226 3997 talia
2281 3943 2444 4012 plura
2483 3943 2572 4012 (cf.
2616 3944 2710 3997 fol.
2757 3941 2891 4009 5,9',

597 4016 770 4084 12’,30
801 4016 911 4082 aL),
949 4016 1185 4070 fortasse
1225 4016 1296 4070 ab
1336 4017 1446 4070 alio
1484 4016 1607 4070 uiro
1648 4016 1812 4069 docto
1851 4015 2118 4084 profecta.

775 4091 825 4143 7)
864 4086 1172 4143 Troisieme
1210 4089 1375 4141 (Stude
1415 4107 1469 4156 p.
1501 4094 1584 4140 72.

774 4163 826 4227 8)
865 4159 1069 4213 Berlin.
1108 4159 1303 4228 philol.
1343 4158 1738 4216 Wochenschr.
1779 4163 1914 4212 1905
1953 4176 2008 4226 p.
2049 4164 2132 4211 12.
2173 4189 2239 4197 -
2287 4157 2671 4211 emendatiora
2717 4173 2886 4223 quae-

596 4232 727 4284 dam
766 4247 833 4284 ex
871 4231 1281 4299 antiquioribus
1321 4229 1470 4284 solus
1499 4231 1690 4297 habet,
1730 4247 1871 4297 quae
1910 4231 2100 4282 tamen
2138 4229 2197 4282 in
2225 4228 2627 4282 recentioribus
2665 4244 2883 4295 quoque

594 4301 882 4372 leguntur3
920 4322 973 4356 u.
1013 4302 1085 4355 ad
1118 4307 1271 4365 13,1s
1310 4307 1467 4370 4333
1498 4307 1688 4369 104‚22
1722 4306 1894 4367 248‚2.
1954 4300 2022 4353 cf.
2053 4306 2211 4368 42‚13
2242 4300 2385 4369 (coll.
2416 4302 2594 4367 42‚15)
2625 4301 2682 4354 et
2712 4303 2890 4364 issa,

592 4373 692 4427 ubi
730 4375 991 4428 rhiauwm
1037 4391 1105 4428 ex
1147 4375 1191 4443 Q
1227 4374 1422 4427 notaui
1471 4374 1571 4442 (sic
1621 4390 1723 4441 pro
1774 4372 1935 4425 uaria
1985 4371 2227 4426 lectione
2273 4373 2448 4426 adscr.
2482 4371 2609 4439 H2),
2663 4387 2787 4423 cum
2825 4369 2884 4420 in

595 4444 899 4513 archetypo
936 4444 1108 4498 fuerit
1142 4446 1403 4499 brianum
1451 4463 1504 4500 u.
1534 4464 1588 4514 p.
1618 4445 1775 4510 LIX).
1843 4461 1871 4496 e
1909 4443 2126 4497 mendis
2165 4443 2296 4496 huic
2322 4442 2467 4498 libro
2504 4440 2882 4510 peculiaribus

594 4516 878 4570 adnotabo
916 4515 1392 4587 palaeographica
1483 4533 1604 4570 aec:
1656 4521 1808 4582 37‚11
1849 4517 2102 4585 faymata
2140 4518 2259 4584 (pro
2296 4516 2528 4583 πέρην),
2575 4517 2729 4579 5032
2771 4514 2884 4568 eiu-¹

593 4590 742 4643 touio
781 4592 900 4657 (pro
941 4591 1100 4656 ant-),
1139 4594 1257 4655 62,2
1288 4590 1471 4656 plana
1509 4590 1628 4655 (pro
1657 4589 1890 4656 plauci).
