3325 5209
378 981 401 1019 5

352 1514 404 1553 10

357 2046 407 2086 15

1156 361 1211 417 c,
1254 360 1614 417 OALIGVLA
1654 332 1785 421 [ca.
1816 372 1991 420 ,ιε-25]
2596 358 2721 422 177

428 526 788 610 capilloque
844 526 1188 609 promiss03
1243 546 1362 590 nec
1416 547 1723 609 umquam
1777 528 2002 608 postea
2058 524 2591 607 quantiscumque
2648 523 2724 587 de

427 634 644 715 rebus,
689 653 770 695 ne
816 654 934 715 pro
983 632 1285 698 contione
1333 632 1586 715 quidem
1638 630 1867 717 populi
1913 635 2024 693 aut
2071 629 2243 714 apud
2287 630 2554 714 milites,
2598 631 2726 694 nisi

427 762 542 825 per
575 760 817 804 numen
851 737 1174 802 Drusillae
1213 738 1539 827 deierauit.
1613 738 1895 820 reliquas
1934 758 2183 801 sorores
2221 759 2339 803 nec
2376 737 2727 821 cupiditate
2763 751 2796 799 3

429 851 608 911 tanta
653 866 772 910 nec
817 845 1190 930 dignatione
1236 845 1482 929 dilexit,
1525 850 1599 908 ut
1646 866 1804 927 quas
1854 866 2041 928 saepe
2088 844 2356 908 exoletis
2403 845 2535 909 suis
2582 865 2727 928 pro-

433 953 840 1036 strau<er>it3
889 974 1016 1034 quo
1063 952 1319 1017 facilius
1367 974 1471 1015 eas
1519 952 1587 1015 in
1634 972 1827 1015 causa
1871 949 2111 1015 Aemili
2157 951 2385 1034 Lepidi
2433 950 2728 1015 condem-

430 1061 612 1125 nauit
667 1059 849 1143 quasi
907 1059 1230 1124 adulteras
1287 1062 1350 1122 et
1405 1058 1784 1122 insidiarum
1843 1058 2144 1122 aduersus
2201 1080 2268 1122 se
2314 1059 2604 1122 conscias
2652 1059 2727 1122 ei.

432 1190 547 1231 nec
607 1168 815 1231 solum
877 1165 1309 1250 chirographa
1369 1166 1657 1230 omnium
1718 1164 2030 1248 requisita
2089 1164 2310 1228 fraude
2375 1186 2449 1228 ac
2503 1169 2727 1250 stupro

431 1274 819 1359 diuulgauit,
886 1272 995 1336 sed
1061 1279 1125 1336 et
1189 1277 1318 1336 tres
1374 1272 1623 1356 gladios
1680 1271 1749 1335 in
1803 1292 2016 1335 necem
2078 1293 2258 1335 suam
2313 1276 2728 1355 praeparatos

431 1381 625 1445 Marti
674 1379 888 1445 Vltori
935 1379 1153 1444 addito
1203 1380 1416 1463 elogio
1465 1378 1880 1444 consecrauit.

608 1486 1022 1551 Matrimonia
1076 1485 1469 1550 contraxerit
1513 1485 1769 1569 turpius
1816 1507 1894 1548 an
1944 1485 2259 1549 dimiserit
2304 1508 2387 1548 an
2432 1486 2729 1568 tenuerit,
2744 1479 2834 1545 25

433 1617 562 1659 non
618 1597 716 1657 est
778 1592 968 1655 facile
1023 1592 1395 1656 discernere.
1497 1591 1750 1655 Liuiam
1803 1592 2168 1656 Orestillam
2230 1589 2294 1655 C.
2345 1591 2563 1656 Pisoni
2618 1614 2727 1655 nu·

435 1701 709 1783 bentem,
766 1720 912 1763 cum
969 1697 1050 1760 ad
1106 1698 1393 1763 officium
1441 1703 1505 1762 et
1550 1699 1689 1781 ipse
1735 1699 2042 1780 uenisset,
2100 1699 2177 1762 ad
2226 1720 2292 1763 se
2342 1698 2569 1763 deduci
2615 1697 2730 1761 im-

434 1806 685 1890 perauit
732 1805 1026 1886 intraque
1072 1826 1314 1888 paucos
1360 1805 1494 1868 dies
1541 1804 1941 1889 repudiatam
1993 1804 2247 1870 biennio
2296 1810 2448 1889 post
2493 1807 2733 1891 relega-

436 1914 549 1994 uit,
597 1911 771 1995 quod
815 1912 1123 1994 repetisse
1171 1933 1357 1976 usum
1407 1912 1641 1995 prioris
1690 1912 1902 1976 mariti
1961 1916 2251 1995 tempore
2298 1913 2510 1976 medio
2558 1913 2733 1976 uide-

437 2018 644 2082 batur.
743 2018 853 2081 alii
914 2018 1178 2082 tradunt
1247 2017 1607 2083 adhibitum
1671 2040 1860 2082 cenae
1919 2018 2197 2101 nuptiali
2253 2019 2592 2084 mandasse
2653 2019 2733 2083 ad

437 2125 732 2190 Pisonem
798 2129 1019 2189 contra
1079 2124 1588 2189 accumbentem:
1655 2126 1818 2189 noli
1888 2146 2197 2189 uxorem
2265 2148 2501 2190 meam
2566 2148 2731 2211 pre-

434 2254 661 2309 mere,
733 2232 1080 2314 statimque
1141 2253 1175 2295 e
1237 2231 1540 2296 conuiuio
1607 2231 1951 2295 abduxisse
2012 2254 2228 2297 secum
2299 2254 2372 2297 ac
2432 2233 2731 2317 proximo

436 2338 535 2402 die
583 2339 884 2402 edixisse:
947 2338 1517 2403 matrimonium
1565 2339 1716 2403 sibi
1762 2342 2147 2423 repertum
2194 2340 2540 2423 exemplo
2591 2339 2733 2404 Ro-

434 2446 618 2510 muli
667 2448 739 2509 et
784 2444 1133 2530 Augusti.
1228 2443 1504 2510 Lolliam
1551 2444 1907 2528 Paulinam,
1957 2444 2021 2509 C.
2060 2446 2367 2510 Memmio
2415 2447 2735 2511 consulari
2772 2461 2803 2507 2

358 2581 409 2619 20
437 2553 754 2617 exercitus
801 2553 1053 2637 regenti
1099 2556 1388 2635 nuptam,
1435 2553 1609 2616 facta
1655 2552 1979 2617 mentione
2025 2554 2208 2618 auiae
2246 2552 2383 2617 eius
2421 2557 2494 2617 ut
2534 2575 2733 2638 quon-

359 3113 409 3152 25

438 2661 584 2723 dam
624 2658 1115 2742 pulcherrimae,
1163 2658 1380 2722 subito
1419 2682 1499 2723 ex
1534 2659 1874 2741 prouincia
1911 2660 2209 2724 euocauit
2248 2682 2322 2726 ac
2358 2660 2733 2745 perductam

438 2789 474 2830 a
536 2766 771 2829 marito
839 2764 1171 2829 coniunxit
1245 2764 1368 2829 sibi
1441 2765 1752 2847 breuique
1826 2765 2088 2830 missam
2161 2766 2316 2832 fecit
2389 2767 2734 2831 interdicto

438 2874 815 2956 cuiusquam
872 2872 936 2934 in
992 2876 1373 2955 perpetuum
1431 2872 1623 2936 coitu.
1719 2870 2097 2937 Caesoniam
2162 2894 2369 2957 neque
2423 2874 2586 2937 facie
2643 2874 2736 2937 in-
2775 2887 2806 2933 3

440 2979 606 3065 signi
652 3000 860 3063 neque
907 2982 1114 3042 aetate
1161 2978 1414 3064 integra
1453 2982 1853 3061 matremque
1902 2980 2030 3042 iam
2068 3002 2147 3043 ex
2183 2980 2311 3044 alio
2349 2982 2494 3044 uiro
2535 2980 2735 3044 trium

438 3086 743 3168 filiarum,
800 3086 911 3149 sed
965 3085 1256 3149 luxuriae
1312 3107 1386 3149 ac
1440 3085 1744 3150 lasciuiae
1798 3085 2112 3170 perditae,
2168 3090 2232 3149 et
2286 3086 2614 3150 ardentius
2673 3091 2741 3151 et

440 3191 839 3257 constantius
888 3190 1153 3274 amauit,
1200 3195 1274 3255 ut
1321 3213 1508 3274 saepe
1557 3190 1897 3274 chlamyde
1944 3192 2247 3276 peltaque
2294 3196 2358 3256 et
2406 3193 2590 3277 galea
2636 3215 2736 3258 or-

437 3304 656 3363 natam
702 3320 778 3363 ac
814 3297 996 3361 iuxta
1033 3297 1513 3380 adequitantem
1550 3297 1868 3361 militibus
1908 3297 2273 3382 ostenderit,
2322 3299 2543 3363 amicis
2579 3321 2735 3364 uero

586 3471 650 3519 10
668 3483 788 3533 sqq.
822 3466 1003 3518 Victor
1030 3465 1177 3518 Caes.
1201 3468 1253 3530 3,
1276 3469 1347 3517 10
1374 3464 1749 3517 matrimoniis
1778 3464 2022 3517 illudens
2050 3465 2351 3519 nobilibus.
2431 3473 2495 3520 11
2514 3483 2635 3535 sqq.
2666 3468 2735 3533 cf.

439 3547 611 3601 Schol.
643 3548 772 3599 Iun.
804 3545 1016 3613 (Valla)
1049 3550 1109 3608 5,
1129 3548 1239 3597 109
1285 3543 1413 3597 Piso
1461 3542 1798 3612 Calpurnius
1831 3586 1841 3596 .
1867 3586 1876 3597 .
1902 3587 1912 3597 .
1944 3545 2228 3613 relegatus
2276 3548 2387 3612 est,
2435 3547 2571 3613 quia
2609 3563 2738 3600 con-

440 3626 794 3680 suetudinem
840 3624 1114 3692 pristinae
1162 3624 1349 3676 uxoris
1401 3623 1685 3678 abductae
1732 3624 1843 3677 sibi
1882 3625 1954 3677 ab
1992 3626 2115 3693 ipso
2154 3627 2482 3695 (Οαῖίραῑα),
2532 3627 2739 3680 deinde

439 3706 705 3759 remissae
742 3705 1035 3773 repetiisse
1074 3703 1519 3757 existimabatur.
1670 3709 1738 3757 27
1776 3705 1949 3759 Schol.
1982 3707 2109 3758 Iun.
2134 3710 2185 3771 6,
2207 3710 2314 3759 615
2332 3724 2386 3759 n.
2419 3708 2495 3760 ad
2528 3708 2641 3762 Gal.
2667 3714 2739 3760 50

586 3854 616 3900 3
655 3847 934 3901 deierauit
954 3845 1235 3916 HQP²ST
1260 3853 1310 3899 et
1329 3863 1435 3914 pro
1464 3864 1517 3899 u.
1550 3846 1583 3900 l.
1614 3848 1688 3913 R,
1727 3846 1995 3900 delirauit
2021 3847 2197 3915 (dely-
2231 3848 2302 3916 G)
2331 3850 2423 3901 rel.
2570 3856 2604 3902 4
2642 3866 2739 3903 ne-

443 3927 771 3996 dignatione
802 3930 876 3981 M
1014 3926 1389 3995 prostrauerit
1418 3943 1450 3984 ς
1480 3927 1800 3994 (Beroald.)‚
1837 3927 2136 3996 prostrarit
2164 3929 2359 3983 Burm.
2508 3934 2539 3981 6
2580 3928 2739 3982 adul-

442 4011 564 4060 tera
594 4009 665 4060 M
841 4006 914 4076 ei]
958 4008 1015 4060 et
1043 4009 1110 4072 X,
1149 4023 1250 4060 om.
1288 4007 1399 4059 TN
1430 4008 1622 4076 (nu-ly.)
1827 4012 1855 4059 7
1895 4023 1954 4060 re
1991 4008 2248 4074 quaesita
2286 4008 2406 4077 (del.
2436 4007 2637 4062 fraude
2675 4026 2741 4063 ac

444 4090 657 4155 stupro)
687 4088 918 4157 Bentley
1018 4088 1215 4153 stupra
1247 4087 1476 4155 Lipsius
1566 4091 1599 4138 8
1627 4090 1858 4155 paratos
1891 4087 1942 4141 G
2047 4093 2107 4140 11
2141 4088 2439 4143 decernere
2469 4091 2741 4155 Perizon„

350 4201 356 4207 -
448 4167 683 4221 Gronov.
805 4173 870 4220 13
908 4166 1166 4220 bimestri
1196 4168 1427 4235 Bentley
1548 4171 1611 4218 17
1652 4184 1841 4221 secum
1876 4170 1937 4233 T,
1967 4184 2093 4220 cum
2126 4171 2249 4233 Me,
2279 4185 2404 4221 eum
2440 4170 2508 4234 G,
2538 4186 2661 4223 eam
2695 4174 2750 4222 X

449 4253 512 4299 19
553 4245 635 4317 Ο]
666 4247 725 4301 P.
748 4264 1083 4314 praenomen
1120 4247 1182 4299 in
1210 4248 1389 4300 titulis
1414 4252 1490 4300 est
1633 4247 1894 4301 memmio
1928 4247 2262 4317 GP²ST(1·22
2290 4249 2334 4303 S
2357 4267 2493 4303 corr.
2523 4268 2590 4303 ex
2628 4267 2740 4304 me-

443 4326 610 4380 minit
646 4334 708 4381 ut
743 4328 900 4394 uid),
940 4326 1170 4378 memmi
1208 4325 1295 4393 (-ii
1331 4327 1541 4395 P¹11R)
1578 4328 1673 4380 rel.
1858 4327 2136 4381 consulari
2178 4328 2505 4397 GQP282T,
2544 4347 2742 4384 consu-

443 4406 578 4460 laris
615 4410 709 4461 rel.
858 4411 925 4459 20
963 4406 1212 4474 regentis
1252 4424 1286 4464 ς
1321 4412 1370 4459 et
1407 4407 1523 4460 edd.
1554 4414 1659 4459 uet.
1690 4410 1980 4462 retinentes
2013 4411 2343 4478 yenetiunm,
2379 4412 2505 4477 fort.
2546 4413 2744 4464 rectius

446 4493 512 4540 26
549 4487 813 4556 pellaque
844 4486 987 4551 MG,
1024 4484 1294 4554 pallaque
1327 4488 1409 4538 Τὸ

552 4587 821 4627 svn-romvs
851 4586 920 4625 ed.
949 4585 1085 4624 Ihm.
1140 4585 1165 4624 1
2250 4583 2314 4630 12
