3325 5209
553 409 682 472 278
1294 407 1351 463 c,
1391 407 1704 463 SVETONI
1742 407 2186 473 TRANQVILLI

553 573 803 638 euocati
850 572 1326 658 appellarentur
1368 571 1800 654 excubiasque
1848 571 2016 637 circa
2063 570 2426 635 cubiculum
2474 593 2660 635 suum
2708 571 2852 635 uice

552 676 834 743 militum
881 683 1158 763 agerent.
1243 679 1438 742 etiam
1484 700 1600 763 per
1644 678 2010 761 prouincias
2059 679 2267 743 edicta
2312 678 2582 763 dimisit,
2629 682 2854 743 auctor

553 786 619 848 in
677 785 951 871 singulis
1019 785 1463 867 uniuersisque
1521 784 1932 868 conspirandi
1979 784 2173 849 simul
2220 789 2284 849 et
2332 790 2405 849 ut
2451 807 2579 868 qua
2632 789 2852 869 posset

553 892 828 976 quisque
877 914 1073 976 opera
1118 912 1520 956 communem
1568 913 1825 956 causam
1874 893 2185 956 iuuarent.

481 1017 515 1064 4
731 999 853 1063 Per
899 999 1069 1063 idem
1115 997 1247 1063 fere
1292 1003 1548 1082 tempus
1596 999 1663 1061 in
1711 998 2070 1062 munitione
2118 999 2370 1082 oppidi,
2417 999 2589 1082 quod
2636 999 2851 1062 sedem
2908 1024 2938 1062 5

552 1105 723 1170 bello
773 1105 1122 1191 delegerat,
1172 1109 1465 1190 repertus
1511 1109 1608 1169 est
1658 1104 1888 1169 anulus
1936 1127 2130 1190 opere
2177 1106 2445 1189 antiquo
2454 1155 2472 1188 ,
2530 1105 2853 1188 scalptura

554 1235 843 1299 gemmae
916 1212 1275 1277 Victoriam
1353 1234 1499 1276 cum
1579 1215 1845 1295 tropaeo
1926 1213 2346 1297 exprimente3
2430 1233 2504 1276 ac
2583 1212 2852 1277 subinde

552 1318 988 1384 Alexandrina
1023 1319 1209 1383 nauis
1248 1318 1589 1382 Dertosam
1629 1317 1883 1402 appulit
1921 1319 2113 1383 armis
2153 1323 2403 1402 onusta,
2451 1321 2588 1383 sine
2610 1319 2852 1404 guber-

551 1431 805 1509 natore,
861 1426 997 1490 sine
1043 1429 1239 1489 nauta
1284 1428 1396 1487 aut
1440 1429 1700 1489 uectore
1748 1424 1909 1508 ullo,
1963 1430 2037 1489 ut
2084 1426 2325 1489 nemini
2373 1425 2639 1490 dubium
2687 1430 2853 1489 esset

553 1535 795 1598 iustum
835 1533 1143 1616 piumque
1173 1536 1237 1595 et
1261 1532 1632 1596 fauentibus
1673 1531 1797 1596 diis
1833 1531 2076 1596 bellum
2115 1533 2379 1616 suscipi:
2418 1554 2562 1595 cum
2591 1537 2852 1615 repente
2884 1558 2937 1597 ιο

483 1656 514 1702 5
556 1662 633 1704 ex
680 1640 1014 1724 inopinato
1053 1661 1252 1724 prope
1292 1643 1521 1704 cuncta
1558 1640 1819 1703 turbata
1855 1643 2022 1703 sunt.
2106 1638 2349 1703 alarum
2392 1639 2592 1703 altera
2630 1639 2852 1703 castris

556 1748 1177 1832 appropinquantem
1214 1747 1610 1831 paenitentia
1656 1748 1888 1810 mutati
1931 1748 2311 1810 sacramenti
2359 1746 2706 1809 destituere
2753 1767 2854 1809 co—

553 1860 706 1918 nata
751 1858 849 1918 est
897 1876 1209 1940 aegreque
1257 1857 1504 1918 retenta
1551 1854 1618 1915 in
1668 1852 1909 1936 officio,
1972 1857 2037 1916 et
2083 1854 2280 1936 serui,
2330 1875 2489 1936 quos
2537 1875 2574 1916 a
2618 1852 2851 1916 liberto

553 1958 831 2023 Neronis
880 1958 959 2023 ad
1003 1959 1294 2023 fraudem
1343 1962 1755 2043 praeparatos
1812 1960 2061 2023 muneri
2108 1963 2460 2043 acceperat,
2516 1981 2631 2042 per
2677 1961 2852 2043 angi-

554 2070 812 2150 portum
861 2067 929 2130 in
974 2065 1234 2131 balneas
1292 2070 1727 2130 transeuntem
1783 2087 1984 2150 paene
2030 2065 2519 2149 interemerunt,
2579 2065 2705 2130 nisi
2753 2083 2862 2129 co-‘
2883 2092 2934 2131 15

552 2172 962 2237 hortantibus
1010 2174 1077 2236 in
1121 2174 1332 2238 uicem
1380 2195 1458 2236 ne
1507 2173 1908 2237 occasionem
1965 2173 2361 2256 omitterent,
2415 2172 2852 2258 interrogatis-

556 2303 679 2364 que
718 2280 794 2345 de
843 2302 970 2363 qua
1008 2282 1340 2345 occasione
1376 2281 1813 2364 loquerentur,
1861 2302 2160 2363 expressa
2211 2280 2496 2343 cruciatu
2532 2279 2852 2344 confessio

450 2382 533 2449 11
553 2392 735 2453 esset.
811 2387 1077 2452 accessit
1115 2388 1195 2450 ad
1231 2390 1414 2450 tanta
1451 2376 2035 2451 discrimina'mors
2074 2386 2384 2470 Vindicis,
2423 2409 2549 2470 qua
2577 2386 2855 2449 maxime

555 2498 994 2558 consternatus
1035 2494 1471 2576 destitutoque
1510 2495 1740 2557 similis
1777 2515 1911 2557 non
1947 2493 2224 2557 multum
2273 2494 2436 2558 afuit
2478 2493 2635 2576 quin
2681 2493 2853 2555 uitae

553 2602 961 2664 renuntiaret.
1048 2600 1157 2663 sed
1195 2601 1795 2684 superuenientibus
1843 2600 1922 2664 ab
1961 2601 2119 2664 urbe
2155 2601 2402 2665 nuntiis
2448 2604 2524 2663 ut
2570 2600 2848 2663 occisum
2882 2625 2936 2664 20

553 2706 879 2771 Neronem
928 2706 1316 2789 cunctosque
1372 2707 1438 2769 in
1487 2706 1685 2771 uerba
1731 2729 1846 2771 sua
1892 2708 2134 2771 iurasse
2182 2708 2517 2793 cognouit,
2565 2706 2856 2791 deposita

556 2813 752 2899 legati
814 2813 1093 2897 suscepit
1154 2811 1439 2877 Caesaris
1503 2813 2002 2898 appellationem
2065 2815 2313 2896 iterque
2372 2815 2699 2899 ingressus
2761 2817 2868 2908 est¹

555 2919 898 3004 paludatus
958 2941 1033 2984 ac
1089 2919 1482 3005 dependente
1540 2943 1576 2983 a
1633 2921 1990 2985 ceruicibus
2051 2922 2335 3005 pugione
2396 2925 2544 2985 ante
2603 2923 2857 3004 pectus,

554 3048 673 3090 nec
719 3027 899 3111 prius
937 3047 1125 3090 usum
1182 3030 1371 3112 togae
1427 3027 1816 3110 reciperauit
1863 3049 2056 3109 quam
2113 3027 2440 3111 oppressis
2497 3026 2609 3110 qui
2655 3047 2856 3089 nouas

555 3155 657 3198 res
695 3133 1144 3215 moliebantur,
1190 3132 1514 3217 praefecto
1553 3134 1838 3216 praetori
1875 3133 2277 3217 Nymphidio
2320 3133 2557 3196 Sabino
2595 3131 2856 3214 Romae,
2886 3159 2938 3198 25

558 3242 626 3303 in
666 3238 1005 3305 Germania
1042 3239 1313 3304 Fonteio
1356 3239 1686 3324 Capitone,
1725 3239 1794 3302 in
1831 3238 2054 3303 Africa
2089 3238 2313 3303 Clodio
2352 3239 2571 3304 Macro
2610 3238 2856 3324 legatis·

457 3340 541 3406 12
694 3347 1129 3412 Praecesserat
1176 3347 1252 3410 de
1309 3368 1384 3409 eo
1446 3346 1618 3410 fama
1676 3347 1979 3410 saeuitiae
2042 3346 2234 3409 simul
2293 3350 2484 3430 atque
2535 3346 2857 3428 auaritiae,

562 3454 734 3537 quod
795 3455 1089 3518 ciuitates
1146 3452 1603 3537 Hispaniarum
1664 3451 2168 3536 Galliarumque,
2231 3475 2394 3537 quae
2453 3453 2857 3517 cunctantius

562 3560 685 3625 sibi
722 3564 1136 3644 accesserant,
1183 3560 1589 3645 grauioribus
1629 3560 1911 3643 tributiS,
1951 3561 2253 3644 quasdam
2297 3562 2491 3624 etiam
2528 3582 2856 3624 murorum

562 3668 994 3732 destructione
1041 3668 1332 3750 punisset
1370 3671 1435 3730 et
1481 3669 1887 3752 praepositos
1926 3671 2503 3751 procuratoresque
2542 3665 2858 3751 supplicio
2887 3693 2940 3732 so

705 3839 770 3887 27
825 3834 973 3888 Oro-3.
1016 3834 1138 3889 VII
1158 3838 1214 3899 8,
1243 3839 1274 3886 1
1328 3850 1566 3900 cumque
1628 3850 1820 3887 omnes
1879 3833 2147 3901 auaritia,
2213 3832 2456 3888 saeuitia
2506 3831 2858 3902 segnitiaque

561 3913 870 3968 offenderet
910 3915 997 3983 (cf.
1021 3932 1080 3982 p.
1111 3917 1187 3967 27
1193 3918 1242 3980 7,
1274 3916 1344 3983 4).

705 4065 736 4110 3
775 4058 836 4111 in
864 4075 964 4111 om.
989 4056 1100 4125 HQ
1127 4056 1285 4125 (edd.)
1467 4073 1613 4124 qua*
1638 4058 1714 4111 M
1880 4063 1910 4110 6
1942 4057 2230 4126 sculptura
2253 4056 2444 4111 GXIP
2473 4056 2559 4125 (cf.
2591 4056 2741 4110 Nero
2768 4058 2858 4122 46)

563 4147 593 4192 9
634 4149 733 4193 aut
769 4140 995 4192 uectore
1026 4139 1100 4191 M
1103 4136 1123 4166 ²
1151 4137 1442 4206 (Salmas),
1488 4139 1748 4190 auectore
1781 4140 1855 4191 Μ
1860 4137 1893 4204 ¹,
1933 4153 1999 4190 ac
2035 4139 2261 4190 uectore
2288 4138 2382 4191 rel.
2414 4137 2501 4205 (ac
2530 4137 2723 4189 uetere
2743 4133 2858 4200 L¹)‚

560 4221 629 4287 cf.
657 4222 801 4288 Any.
826 4222 898 4273 72
921 4218 1113 4272 Claud.
1139 4221 1209 4269 17
1236 4217 1351 4271 Tib.
1375 4222 1441 4271 11
1554 4223 1617 4269 11
1660 4217 1751 4287 ex]
1782 4218 1839 4271 et
1871 4216 1923 4271 G
2028 4233 2205 4285 prope
2244 4235 2343 4273 om.
2371 4218 2422 4272 G
2532 4221 2596 4268 12
2626 4215 2859 4268 mutatis

563 4298 929 4350 sacramentis
963 4298 1014 4351 G
1135 4302 1198 4349 13
1236 4313 1297 4350 re
1325 4299 1488 4350 tanta
1521 4298 1628 4350 GT
1660 4299 1747 4363 (in
1779 4297 1830 4350 G
1858 4314 1994 4352 corr.
2024 4315 2092 4352 m.
2117 4303 2148 4350 1
2179 4314 2245 4352 ea:
2272 4299 2434 4350 tanta
2469 4298 2549 4365 re)
2638 4301 2702 4348 14
2739 4313 2860 4347 mu-

562 4392 694 4429 nere
720 4380 767 4428 Τ
913 4383 977 4430 15
1006 4377 1089 4448 in]
1121 4377 1193 4430 ad
1218 4377 1269 4430 G
1413 4376 1617 4430 balnea
1646 4377 1703 4431 R
1849 4382 1914 4430 18
1944 4376 2186 4430 uindicis
2211 4381 2272 4442 Τ,
2313 4377 2400 4430 sui
2428 4375 2631 4429 indicis
2663 4375 2860 4440 MGL,

562 4455 651 4509 sui
678 4455 921 4510 uindicis
943 4457 1152 4520 POST,
1181 4457 1311 4509 Iulii
1329 4456 1585 4511 Vindicis
1610 4458 1862 4524 Gasaub„
1898 4457 2086 4511 subita
2106 4457 2361 4511 Vindicis
2387 4457 2524 4511 0αά.
2663 4462 2731 4508 24
2760 4457 2861 4523 qui

564 4553 663 4590 om.
691 4538 758 4589 M
904 4542 970 4589 25
1011 4536 1320 4605 nymphido
1358 4541 1416 4590 X
1449 4536 1706 4605 (limpido
1745 4538 1815 4606 T)
