3325 5209
1210 408 1427 462 DIVVS
1465 408 1676 463 TITVS
1725 421 1856 471 [car.
1875 422 2000 470 4-6]
2630 412 2760 475 327

466 573 846 657 suppliciter
902 593 1022 637 nec
1074 593 1206 637 non
1254 576 1317 636 et
1366 572 1705 637 minaciter
1749 573 2198 658 efflagitantes,
2252 577 2365 637 aut
2413 578 2772 638 remaneret

465 682 578 742 aut
634 700 848 744 secum
910 681 1122 743 omnis
1170 679 1415 763 pariter
1460 679 1822 744 abduceret.
1912 679 2082 743 unde
2127 682 2280 743 nata
2326 680 2606 764 suspicio
2653 685 2770 764 est,
2807 698 2839 745 3

468 787 652 868 quasi
717 786 1071 851 desciscere
1134 809 1172 849 a
1227 790 1409 869 patre
1469 783 1880 870 Orientisque
1937 786 2062 851 sibi
2116 808 2388 872 regnum
2444 787 2770 851 uindicare

469 895 877 978 temptasset3
938 913 1127 975 quam
1182 893 1613 976 suspicionem
1663 892 1860 976 auxit,
1914 897 2263 977 postquam
2311 891 2767 958 Alexandriam

412 1023 439 1065 ο
470 1008 693 1083 petens
750 999 817 1063 in
875 999 1306 1064 consecrando
1363 999 1532 1083 apud
1586 998 1942 1083 Memphim
1997 999 2166 1064 boue
2211 999 2423 1084 Apide
2478 1000 2771 1065 diadema

465 1106 765 1191 gestauit,
814 1107 892 1170 de
936 1128 1116 1171 more
1165 1106 1424 1188 quidem
1472 1107 1735 1189 rituque
1780 1107 2027 1190 priscae
2071 1107 2432 1192 religionis3
2480 1106 2592 1171 sed
2636 1128 2767 1171 non

468 1212 733 1276 deerant
790 1212 903 1296 qui
952 1214 1212 1296 sequius
1260 1213 1854 1298 interpretarentur.
1947 1235 2142 1297 quare
2188 1213 2501 1278 festinans
2548 1213 2613 1277 in
2644 1211 2768 1277 Ita-

465 1320 639 1401 liam,
697 1340 842 1384 cum
903 1319 1199 1405 Regium,
1263 1320 1409 1384 dein
1466 1319 1773 1385 Puteolos
1831 1320 2120 1385 oneraria
2173 1343 2336 1384 naue
2393 1321 2767 1405 appulisset,

466 1424 738 1490 Romam
813 1427 962 1492 inde
1040 1426 1371 1491 contendit
1437 1427 1957 1511 expeditissimus
2024 1427 2516 1512 inopinantique
2578 1427 2767 1511 patri,

384 1559 438 1598 ιο
465 1533 647 1597 uelut
712 1554 987 1619 arguens
1052 1555 1387 1597 rumorum
1452 1533 1529 1597 de
1596 1555 1662 1598 se
1725 1535 2180 1599 temeritatem:
2253 1534 2454 1617 ueni,
2534 1533 2766 1619 inquit,

461 1644 707 1723 pater,
764 1641 956 1703 ueni.
1057 1662 1266 1722 neque
1323 1663 1400 1703 ex
1463 1662 1537 1703 eo
1595 1640 1847 1705 destitit
1902 1643 2278 1725 participem
2328 1646 2524 1725 atque
2570 1642 2763 1705 etiam
2813 1642 2857 1706 6

464 1750 747 1811 tutorem
792 1746 1046 1830 imperii
1094 1768 1298 1832 agere.

643 1851 1100 1936 Triumphauit
1156 1876 1300 1918 cum
1362 1857 1543 1936 patre
1601 1876 2061 1937 censuramque
2108 1856 2308 1940 gessit
2343 1878 2498 1939 una,
2558 1854 2762 1920 eidem

465 1958 714 2043 collega
768 1963 834 2023 et
893 1960 961 2024 in
1017 1960 1367 2024 tribunicia
1421 1964 1741 2044 potestate
1797 1965 1862 2024 et
1915 1962 1981 2025 in
2032 1966 2275 2046 septem
2323 1963 2762 2027 consulatibus

384 2091 435 2131 15
467 2066 618 2149 fuit3
676 2070 1062 2151 receptaque
1119 2068 1199 2131 ad
1261 2090 1328 2131 se
1385 2091 1586 2152 prope
1634 2068 1924 2132 omnium
1973 2068 2335 2134 officiorum
2386 2091 2562 2153 cura,
2618 2092 2763 2133 cum

463 2174 665 2257 patris
724 2173 988 2238 nomine
1046 2178 1111 2237 et
1170 2174 1478 2258 epistulas
1534 2175 1672 2258 ipse
1735 2174 2003 2240 dictaret
2050 2178 2114 2239 et
2160 2175 2367 2241 edicta
2413 2175 2765 2239 conscribe-

463 2285 563 2344 ret
629 2282 1085 2365 orationesque
1150 2281 1219 2345 in
1284 2285 1509 2345 senatu
1571 2281 1871 2345 recitaret
1925 2281 2120 2346 etiam
2185 2282 2545 2364 quaestoris
2606 2282 2763 2364 uice,

465 2389 932 2471 praefecturam
991 2410 1250 2473 quoque
1307 2388 1590 2472 praetori
1639 2390 1923 2472 suscepit
1968 2411 2320 2472 numquam
2366 2389 2446 2452 ad
2491 2388 2558 2452 id
2605 2392 2759 2452 tem-

464 2517 586 2578 pus
633 2495 758 2559 nisi
807 2496 887 2560 ab
936 2517 1031 2579 eq.
1072 2495 1147 2559 R.
1187 2495 1720 2578 administratam,
1767 2497 2029 2579 egitque
2066 2494 2397 2577 aliquanto
2435 2495 2761 2560 inciuilius

383 2625 439 2665 20
469 2606 533 2663 et
591 2601 972 2685 uiolentius,
1039 2602 1360 2685 siquidem
1419 2601 1971 2685 suspectissimum
2032 2624 2357 2685 quemque
2412 2603 2537 2666 sibi
2596 2625 2764 2666 sum-

464 2708 679 2771 missis
736 2710 847 2792 qui
903 2730 1020 2793 per
1078 2709 1332 2772 theatra
1388 2713 1452 2771 et
1508 2712 1718 2771 castra
1747 2710 1952 2791 quasi
2000 2729 2316 2773 consensu
2362 2710 2442 2773 ad
2487 2731 2760 2794 poenam

464 2813 909 2898 deposcerent,
963 2816 1137 2879 haud
1195 2819 1573 2879 cunctanter
1628 2816 1967 2899 oppressit.
2057 2816 2125 2879 in
2170 2816 2274 2879 his
2320 2816 2560 2880 Aulum
2611 2815 2759 2880 Gae—
2797 2833 2829 2881 2

468 2921 672 2986 cinam
745 2922 1147 2987 consularem
1211 2926 1515 2992 uocatum
1580 2920 1661 2986 ad
1727 2943 1949 2986 cenam
2013 2943 2087 2987 ac
2145 2921 2411 2986 uixdum
2475 2922 2759 2988 triclinio

464 3049 791 3112 egressum
840 3027 1098 3093 confodi
1147 3027 1362 3111 iussit,
1418 3050 1570 3092 sane
1616 3032 1887 3113 urgente
1934 3029 2316 3113 discrimine,
2374 3052 2519 3094 cum
2567 3031 2758 3094 etiam

607 3191 673 3240 13
691 3204 746 3241 u.
769 3188 845 3241 ad
859 3188 1010 3255 Vesp.
1023 3191 1118 3252 8,1
1218 3191 1283 3240 18
1301 3202 1420 3253 sqq.
1436 3186 1618 3241 Victor
1630 3186 1780 3241 Caes.
1794 3191 1846 3253 9,
1858 3192 1930 3241 10
1951 3203 2118 3256 quem
2137 3189 2204 3257 (1
2209 3189 2368 3257 itum)
2391 3230 2402 3241 .
2422 3229 2433 3241 .
2453 3230 2464 3241 .
2485 3186 2759 3242 uictorem

461 3265 818 3332 praefectura
845 3266 1129 3335 praetorio
1157 3265 1439 3320 extulerat
1465 3266 1903 3336 (Vespasianus).
1972 3268 2152 3336 (addit
2178 3269 2389 3322 Victor.-
2415 3266 2566 3322 unde
2585 3267 2760 3321 etiam

460 3346 509 3399 is
546 3346 742 3413 honos,
781 3346 981 3417 ingens
1020 3362 1053 3398 a
1090 3346 1390 3415 principio,
1426 3345 1701 3400 tumidior
1736 3349 1907 3414 atque
1944 3347 2089 3400 alter
2125 3348 2197 3401 ab
2226 3348 2482 3417 Augusto
2519 3347 2758 3416 imperio

459 3426 606 3495 fuit).
682 3428 840 3495 Epit.
882 3432 970 3493 10,
989 3430 1025 3481 4
1061 3425 1477 3495 praefecturam
1513 3426 1933 3495 praetorianam
1971 3430 2134 3496 patre
2169 3428 2483 3496 imperante
2519 3428 2758 3496 adeptus

461 3510 783 3574 suspectum
839 3524 1117 3576 quemque
1173 3510 1231 3561 et
1277 3507 1601 3576 oppositum
1657 3506 1767 3559 sibi
1812 3506 2086 3574 inmissis,
2138 3508 2235 3576 qui
2281 3524 2383 3577 per
2431 3507 2655 3561 theatra
2701 3510 2759 3560 et

458 3587 658 3640 castris
706 3587 991 3641 inuidiosa
1037 3587 1315 3642 iactantes
1363 3587 1725 3662 adUpoenam
1763 3590 2083 3656 poscerent,
2131 3588 2294 3655 quasi
2341 3586 2589 3641 criminis
2628 3603 2756 3640 con·

460 3666 640 3721 uictos
679 3667 974 3736 oppressit.
1048 3668 1110 3721 in
1148 3666 1273 3736 quis
1313 3665 1609 3721 Caecinam
1648 3667 1999 3722 consularem
2036 3668 2354 3722 adhibitum
2394 3683 2590 3734 cenae,
2634 3667 2758 3720 uix·

461 3748 595 3800 dum
622 3747 871 3801 triclinio
902 3764 1205 3818 egressum,
1245 3747 1317 3801 ob
1346 3747 1725 3815 suspicionem
1752 3750 2043 3815 stupratae
2071 3747 2356 3802 Berenicis
2382 3747 2573 3801 uxoris
2604 3763 2755 3813 suae,

458 3827 704 3896 iugulari
741 3828 922 3882 iussit.
1010 3834 1014 3838 ’

603 3976 630 4023 1
671 3973 729 4024 et
763 3970 1088 4040 flagitantes
1129 3973 1204 4026 M
1204 3970 1255 4025 G
1409 3970 1532 4040 aut]
1568 3972 1635 4023 ut
1673 3970 1873 4025 POST
2020 3975 2051 4022 3
2087 3986 2322 4040 regnum
2361 3969 2470 4023 sibi
2514 3973 2562 4022 Τ
2593 3970 2755 4039 (edd.)

457 4057 490 4103 4
539 4051 690 4104 ausit
736 4052 923 4121 (haus-
962 4050 1061 4120 ΠΙ)
1108 4055 1157 4104 Τ
1199 4055 1353 4121 (corr.
1395 4049 1496 4118 11¹)
1696 4055 1727 4102 5
1775 4049 1871 4117 api
1917 4047 2070 4104 ῬΊ]8
2115 4050 2336 4121 (wlff),
2390 4050 2460 4116 cf.
2508 4050 2654 4120 Aug.
2685 4053 2757 4103 93

461 4135 487 4181 7
529 4131 704 4184 setius
741 4136 819 4198 X,
866 4148 1025 4186 secus
1061 4132 1212 4201 uuly.
1253 4132 1354 4200 (ed.
1394 4131 1551 4186 Rom.
1582 4132 1681 4200 ΙΙ)
1890 4135 1922 4183 8
1962 4130 2115 4201 dein]
2155 4132 2224 4184 de
2264 4130 2396 4202 H¹Q
2441 4133 2597 4199 (corr.
2637 4131 2756 4200 11²),

457 4228 661 4283 deinde
707 4230 758 4283 Τ
900 4229 1146 4299 puteolis
1187 4231 1237 4281 Τ
1385 4234 1449 4281 11
1490 4230 1654 4297 pater
1689 4228 1846 4299 ueni]
1883 4213 1986 4296 pat
2021 4228 2101 4281 mi
2133 4228 2184 4282 G
2316 4233 2382 4282 13
2420 4228 2670 4282 eiusdem
2702 4229 2756 4283 G

460 4315 525 4362 15
564 4309 638 4362 ad
676 4326 736 4364 se
772 4326 873 4365 om.
904 4309 1007 4377 ΠΙ,
1043 4326 1079 4363 a
1107 4325 1166 4364 se
1203 4314 1262 4363 X
1292 4310 1479 4380 (Oud.)
1639 4315 1706 4362 16
1745 4308 1961 4362 dictare
2001 4310 2076 4363 M
2213 4308 2427 4363 edictas
2467 4308 2641 4364 MR&
2677 4311 2756 4378 (et

456 4388 644 4442 edicta
681 4406 851 4458 usque
886 4389 1153 4443 recitaret
1188 4406 1290 4443 om.
1336 4390 1408 4457 T)
1557 4395 1623 4444 18
1660 4388 1911 4458 praetori
1941 4388 2094 4455 MS¹‚
2148 4387 2226 4442 -ii
2267 4388 2379 4443 GX
2409 4387 2539 4459 (δ’),
2592 4388 2666 4441 ·is
2710 4392 2759 4441 Τ

456 4474 524 4521 22
555 4468 750 4522 alilum
775 4469 938 4525 Mad·
1056 4475 1124 4523 23
1154 4469 1505 4524 consularem
1532 4469 1720 4522 uirum
1742 4470 1837 4523 M
1870 4469 1959 4538 (cf.
1991 4471 2180 4523 testim.
2210 4471 2402 4538 supra)
2526 4474 2596 4522 24
2625 4485 2754 4521 con-

452 4555 617 4624 fidi*
662 4561 737 4614 M
769 4561 822 4628 (o
859 4575 927 4613 88.
956 4576 1025 4614 m.
1053 4561 1110 4628 2)
