3325 5209
595 413 725 479 268
1303 413 1358 468 C.
1398 413 1713 468 SVETONI
1749 413 2195 479 TRANQVILLI

595 599 750 642 auro
805 578 1096 660 intextis,
1157 578 1388 660 quibus
1443 599 1597 641 usus
1643 577 1783 641 Kal.
1822 576 1953 641 Ian.
1991 578 2216 642 fuerat.
2289 579 2592 661 reliquias
2640 577 2898 665 Egloge

597 688 660 748 et
704 682 1093 748 Alexandria
1146 685 1427 748 nutrices
1485 706 1631 748 cum
1679 683 1842 749 Acte
1901 685 2255 749 concubina
2301 683 2533 769 gentili
2579 670 2895 750 Domitioss

595 806 737 854 ru'm
776 791 1172 855 monimento
1211 790 1650 874 condiderunt,
1690 791 1862 874 quod
1899 792 2293 875 prospicitur
2331 814 2365 856 e
2405 813 2629 876 campo
2658 791 2895 867 Martio

595 899 968 980 impositum
1023 896 1175 962 colli
1230 897 1675 962 Hortulorum.
1757 899 1827 962 in
1882 920 1957 962 eo
2013 899 2410 963 monimento
2469 899 2702 963 solium
2749 921 2892 982 por-

594 1005 911 1087 phyretici
957 1005 1318 1088 marmoris,
1379 1009 1781 1088 superstante
1827 1004 2111 1069 Lunensi
2166 1028 2300 1082 ara,
2356 1006 2890 1089 circumsaeptum
2951 1031 2981 1071 5

597 1114 696 1174 est
738 1111 950 1193 lapide
998 1110 1252 1175 Thasio,

492 1215 579 1281 51
615 1259 620 1264 -
779 1216 1039 1282 Statura
1081 1218 1208 1282 fuit
1243 1240 1442 1301 prope
1480 1220 1667 1301 iusta,
1716 1240 1983 1302 corpore
2020 1221 2348 1285 maculoso
2388 1223 2453 1283 et
2487 1219 2710 1299 fetido,
2749 1220 2892 1283 sub-

595 1325 765 1389 flauo
806 1325 1054 1407 capillo,
1102 1326 1287 1388 uultu
1327 1326 1598 1409 pulchro
1638 1326 1845 1409 magis
1885 1347 2078 1407 quam
2114 1330 2407 1408 uenusto,
2447 1325 2651 1390 oculis
2693 1326 2891 1390 caesis

597 1436 661 1496 et
722 1432 1185 1507 hebetioribus,
1260 1433 1505 1495 ceruice
1571 1432 1783 1514 obesa,
1846 1436 2071 1496 uentre
2135 1433 2449 1515 proiecte,
2516 1434 2891 1518 gracillimis

597 1538 904 1619 cruribus,
941 1538 1297 1602 ualitudine
1332 1560 1664 1621 prospera:
1703 1561 1853 1602 nam
1893 1540 2004 1621 qui
2039 1540 2333 1604 luxuriae
2370 1540 2891 1603 immoderatissi-
2922 1565 2981 1615 1o

599 1667 737 1708 mae
795 1649 985 1727 esset,
1038 1649 1138 1708 ter
1193 1647 1454 1709 omnino
1501 1668 1615 1728 per
1662 1646 2171 1729 quattuordecim
2221 1668 2422 1710 annos
2467 1648 2744 1732 languit,
2800 1651 2890 1720 ate.

599 1774 722 1834 que
768 1753 858 1815 ita
902 1756 977 1815 ut
1021 1773 1225 1833 neque
1269 1753 1424 1820 uino
1471 1774 1680 1835 neque
1726 1753 2187 1817 consuetudine
2231 1753 2480 1836 reliqua
2517 1754 2889 1836 abstineret3

599 1860 765 1922 circa
820 1859 1063 1923 cultum
1120 1859 1538 1942 habitumque
1593 1860 1752 1923 adeo
1808 1860 2169 1942 pudendm,
2223 1864 2297 1923 ut
2345 1882 2592 1924 comam
2643 1882 2891 1942 semper

597 1966 660 2028 in
711 1966 946 2051 gradus
992 1965 1336 2029 formatam
1382 1967 1896 2049 peregrinatione
1934 1965 2217 2031 Achaica
2262 1968 2454 2030 etiam
2494 1989 2662 2050 pone
2700 1967 2888 2031 uerti-

596 2093 732 2137 cem
791 2074 1182 2136 summiserit
1237 2094 1311 2136 ac
1384 2074 1762 2155 plerumque
1837 2073 2275 2156 synthesinam
2348 2074 2610 2137 indutus
2684 2075 2886 2158 ligato
2919 2097 2973 2145 15

596 2180 836 2243 circum
885 2178 1124 2243 collum
1180 2179 1434 2242 sudario
1491 2179 1804 2262 prodierit
1858 2181 1926 2243 in
1980 2179 2311 2262 publicum
2370 2182 2506 2244 sine
2564 2182 2780 2245 cinctu
2827 2183 2892 2243 et

597 2287 1015 2350 discalciatus,

492 2387 580 2451 52
772 2392 1084 2457 Liberalis
1133 2392 1504 2475 disciplinas
1543 2394 1751 2456 omnis
1789 2393 1923 2457 fere
1960 2416 2119 2477 puer
2157 2395 2388 2479 attigit.
2465 2394 2575 2456 sed
2612 2416 2649 2455 a
2685 2391 2890 2476 philo-

598 2501 826 2582 sophia
872 2522 1016 2563 eum
1055 2503 1259 2562 mater
1296 2500 1528 2563 auertit
1565 2521 1832 2563 monens
1869 2502 2263 2582 imperaturo
2303 2500 2687 2565 contrariam
2726 2520 2889 2581 esse3

597 2629 633 2669 a
681 2607 1046 2690 cognitione
1101 2610 1391 2669 ueterum
1448 2612 1774 2671 oratorum
1833 2605 2074 2671 Seneca
2127 2611 2528 2690 praeceptor,
2576 2628 2704 2690 quo
2753 2606 2887 2669 diu·
2917 2631 2972 2678 so

593 2715 724 2776 tius
771 2714 840 2775 in
886 2712 1306 2776 admiratione
1355 2715 1454 2777 sui
1502 2714 1832 2777 detineret.
1908 2715 2124 2797 itaque
2171 2715 2251 2777 ad
2287 2715 2605 2796 poeticam
2645 2734 2887 2797 pronus

598 2821 876 2882 carmina
920 2819 1195 2883 libenter
1236 2842 1316 2884 ac
1355 2822 1490 2884 sine
1526 2820 1744 2883 labore
1783 2822 2147 2902 composuit
2183 2840 2317 2902 nec,
2364 2824 2437 2883 ut
2475 2819 2735 2903 quidam
2774 2842 2887 2902 pu-

595 2930 754 3009 tant,
801 2925 1009 2990 aliena
1052 2949 1170 3009 pro
1218 2929 1349 2991 suis
1388 2927 1601 2991 edidit.
1686 2948 1917 2991 uenere
1956 2928 2024 2989 in
2061 2949 2287 2991 manus
2325 2949 2498 2990 meas
2538 2925 2886 3011 pugillares

593 3034 923 3115 libellique
985 3056 1130 3097 cum
1192 3033 1573 3115 quibusdam
1642 3035 1999 3097 notissimis
2070 3034 2360 3097 uersibus
2420 3034 2622 3117 ipsius
2683 3034 2886 3096 chiro-

595 3142 841 3225 grapho
888 3141 1144 3223 scriptis
1154 3191 1172 3223 ‚
1226 3144 1300 3203 ut
1345 3140 1531 3203 facile
1578 3145 1913 3223 appareret
1958 3163 2088 3204 non
2134 3141 2403 3204 tralatos
2450 3145 2561 3204 aut
2608 3141 2886 3204 dictante
2917 3162 2970 3207 25

594 3245 811 3329 aliquo
859 3250 1178 3330 exceptOS,
1230 3247 1340 3311 sed
1384 3246 1573 3330 plane
1622 3248 1805 3329 quasi
1852 3270 1888 3310 a
1935 3250 2258 3333 cogitante
2305 3252 2497 3330 atque
2543 3251 2887 3333 generante

594 3358 912 3437 exaratos3
968 3354 1057 3417 ita
1112 3356 1316 3417 multa
1371 3358 1435 3417 et
1491 3353 1699 3418 deleta
1746 3359 1809 3418 et
1863 3355 2124 3418 inducta
2170 3360 2233 3418 et
2281 3356 2713 3437 superscripta
2757 3355 2886 3418 ine-

600 3626 650 3678 T
736 3546 1082 3693 9)Einhard.
1112 3550 1188 3600 22
1245 3546 1432 3599 ceruix
1489 3545 1658 3600 obesa
1715 3549 1772 3600 et
1825 3547 2049 3600 breuior
2093 3549 2401 3615 uenterque
2447 3548 2750 3617 proiectior
2796 3549 2884 3616 (cf.

647 3627 704 3678 it.
745 3629 814 3678 3.

739 3829 764 3874 1
805 3821 1011 3890 Ecloge
1049 3822 1166 3875 edd.
1205 3840 1305 3877 rec.
1337 3830 1464 3891 post
1501 3825 1681 3877 Basil.
1713 3828 1855 3877 1533
2045 3830 2075 3876 2
2113 3824 2254 3877 Acte
2294 3842 2327 3882 ς
2365 3825 2733 3894 (Beroaldus),
2773 3825 2887 3878 acti

590 3902 663 3954 M
667 3902 843 3968 GLP,
891 3902 1041 3955 actia
1077 3901 1199 3956 T‘O
1366 3910 1400 3955 4
1441 3903 1572 3956 colh'
1611 3903 1959 3972 (Stephanus)
1998 3910 2048 3957 et
2083 3903 2226 3956 colle
2265 3921 2298 3962 ς
2336 3905 2453 3973 (hoc
2488 3906 2614 3971 fort.
2654 3907 2886 3975 melius),

590 3981 734 4034 collo
775 3980 979 4036 MLT‘
1016 3984 1128 4051 (Ω),
1167 3982 1314 4035 collu
1353 3985 1621 4052 (praeced.
1662 3984 1948 4053 imposito)
1988 3987 2055 4050 P,
2092 3983 2351 4037 colliculo
2385 3984 2437 4039 G
2475 3984 2566 4054 (G.
2590 3986 2814 4054 Becker)

588 4061 961 4131 porphyritici
1002 4063 1054 4117 G
1199 4067 1229 4115 5
1269 4062 1387 4135 <0>
1425 4063 1673 4117 Lunensi
1699 4065 2024 4130 Salmas-iae,
2060 4072 2195 4118 recte
2223 4071 2362 4133 puto
2484 4070 2512 4117 7
2552 4065 2767 4119 faetido
2798 4067 2887 4131 M,

588 4141 697 4213 fet·
732 4142 856 4208 GL,
892 4142 1035 4196 foet-
1065 4144 1121 4198 R
1300 4148 1330 4196 8
1370 4143 1516 4197 cecis
1554 4143 1721 4215 (cecis
1765 4144 1828 4213 Q)
1873 4147 1934 4210 Τ,
1971 4144 2168 4197 caesiis
2205 4146 2355 4215 παῖς.
2533 4137 2597 4198 1Ὀ
2635 4145 2886 4199 luxoriae

589 4221 1120 4276 immoderatissima
1152 4225 1227 4278 M
1412 4231 1475 4276 13
1514 4227 1580 4278 ut
1616 4241 1717 4279 om.
1750 4225 1933 4280 MLP
2108 4240 2268 4277 coma
2313 4230 2363 4278 et
2399 4232 2514 4278 tum
2550 4225 2794 4279 formata
2835 4226 2888 4280 G

593 4306 659 4352 14
703 4317 848 4370 pene
899 4303 1062 4358 GRL
1118 4307 1284 4373 (pone
1330 4321 1465 4358 corr.
1516 4322 1582 4358 eoe
1626 4320 1771 4372 pene
1818 4306 1888 4370 L,
1936 4309 2221 4373 praeterea
2266 4320 2410 4374 pene
2455 4306 2519 4357 in
2564 4323 2735 4377 mary.
2783 4304 2886 4374 L¹)

596 4384 659 4431 16
697 4381 845 4434 circa
886 4382 982 4436 ΘΒ
1161 4389 1224 4436 17
1265 4383 1630 4437 discalciatus
1660 4386 1737 4440 M
1742 4384 1812 4454 Ὦ
1992 4390 2059 4435 24
2095 4383 2390 4451 libellique
2426 4386 2516 4438 uel
2550 4387 2740 4441 saltem
2776 4401 2886 4455 que

591 4459 690 4513 del.
734 4459 801 4514 G.
832 4462 1037 4515 Becker
1181 4468 1247 4516 25
1288 4463 1510 4533 scriptis
1549 4466 1649 4518 del.
1688 4466 1839 4519 Torr.
1985 4463 2289 4519 translatos
2324 4464 2537 4535 GXHQ
2681 4471 2748 4520 26
2787 4466 2885 4519 sed

580 4545 710 4607 post
745 4538 913 4607 plane
949 4543 1113 4596 iterat
1152 4546 1226 4597 M
2077 4557 2081 4561 ·
