3325 5209
539 403 671 467 312
1242 402 1300 459 Ο.
1340 401 1654 457 SVETONI
1691 401 2135 467 TRANQVILLI

540 571 604 630 et
658 566 806 630 inde
861 566 931 630 in
976 566 1218 632 circum
1266 566 1632 650 deduceret3
1690 586 1764 629 ac
1807 586 1940 630 non
1985 564 2192 630 multo
2239 569 2391 650 post
2437 565 2700 629 comitia
2745 586 2836 628 se-

453 694 460 699 ’
540 673 732 738 cundi
779 674 1147 737 consulatus
1194 674 1456 736 ineunte
1497 670 1705 736 Galba
1741 672 2107 756 statua<m>
2151 670 2307 737 Diui
2343 669 2469 736 Iuli
2506 672 2585 736 ad
2616 670 2834 736 Orien-

540 784 672 844 tem
701 783 931 864 sponte
959 779 1437 863 conuersa<m>,
1483 780 1747 862 acieque
1775 778 2189 861 Betriacensi,
2235 780 2416 864 prius
2445 801 2638 862 quam
2667 800 2835 843 com·

540 888 923 969 mitteretur,
970 887 1127 950 duas
1174 885 1421 969 aquilas
1469 885 1538 948 in
1587 888 1935 969 conspectu
1983 885 2272 949 omnium
2324 886 2688 950 conflixisse
2743 886 2836 949 ui-

543 997 769 1076 ctaque
827 994 1026 1056 altera
1081 992 1528 1076 superuenisse
1580 992 1842 1056 tertiam
1899 990 1979 1055 ab
2027 993 2180 1056 solis
2228 996 2455 1056 exortu
2503 1014 2575 1055 ac
2620 992 2836 1057 uictri-

449 1101 494 1166 6
541 1122 678 1165 cem
717 1099 1024 1185 abegisse.
1098 1121 1218 1163 nec
1253 1104 1470 1163 tamen
1508 1099 1854 1183 quicquam
1900 1103 2049 1163 ante
2088 1100 2447 1183 temptauit,
2493 1100 2837 1184 promptis-

539 1207 720 1272 simis
785 1210 978 1289 atque
1043 1206 1236 1269 etiam
1302 1205 1697 1269 instantibus
1765 1207 1927 1289 suis,
1995 1228 2188 1289 quam
2245 1206 2630 1270 sollicitatus
2685 1227 2836 1290 quo·

538 1314 809 1378 rundam
857 1317 923 1378 et
967 1314 1339 1399 ignotorum
1386 1316 1451 1376 et
1498 1313 1865 1377 absentium
1909 1313 2185 1377 fortuito
2232 1312 2472 1379 fauore.

469 1440 501 1488 2
717 1419 1024 1484 Moesiaci
1079 1419 1396 1483 exercitus
1454 1419 1607 1483 bina
1661 1442 1696 1484 e
1742 1418 1955 1483 tribus
2000 1418 2369 1504 legionibus
2416 1419 2596 1482 milia
2642 1420 2839 1483 missa

542 1526 783 1591 auxilio
823 1525 1084 1610 Othoni,
1130 1530 1478 1610 postquam
1527 1526 1837 1611 ingressis
1886 1526 2010 1589 iter
2057 1526 2422 1589 nuntiatum
2463 1529 2562 1590 est
2596 1526 2842 1590 uictum
2872 1552 2925 1591 10

541 1655 687 1696 eum
735 1654 809 1696 ac
855 1633 990 1696 uim
1037 1632 1212 1696 uitae
1260 1655 1411 1696 suae
1458 1631 1772 1716 attulisse,
1826 1630 2032 1696 nihilo
2081 1633 2280 1696 setius
2326 1630 2693 1716 Aquileiam
2739 1655 2840 1696 us-

541 1761 664 1823 que
710 1744 1306 1823 perseuerauerunt,
1366 1738 1548 1823 quasi
1597 1739 1839 1803 rumori
1889 1741 2103 1802 minus
2152 1738 2495 1803 crederent,
2589 1739 2682 1802 ibi
2726 1761 2841 1823 per

543 1846 946 1910 occasionem
985 1868 1058 1909 ac
1094 1847 1421 1910 licentiam
1461 1846 1637 1910 omni
1673 1847 2046 1930 rapinarum
2084 1866 2317 1931 genere
2355 1846 2649 1930 grassati,
2696 1867 2841 1909 cum

544 1953 845 2016 timerent
898 1976 981 2017 ne
1039 1953 1166 2017 sibi
1222 1955 1498 2018 reuersis
1554 1952 1876 2016 reddenda
1922 1952 2089 2015 ratio
2139 1972 2211 2016 ac
2232 1936 2239 1941 ’
2259 1951 2591 2015 subeunda
2635 1974 2844 2035 poena

541 2063 727 2143 esset,
756 2060 1096 2123 consilium
1126 2061 1411 2124 inierunt
1449 2058 1727 2143 eligendi
1755 2058 2136 2142 creandique
2164 2058 2599 2143 imperatoris3
2635 2079 2843 2141 neque
2873 2083 2923 2123 15

540 2166 712 2230 enim
781 2166 1128 2230 deteriores
1196 2188 1333 2230 esse
1398 2170 1509 2230 aut
1563 2165 1980 2249 Hispaniensi
2047 2165 2330 2229 exercitu
2387 2164 2497 2248 qui
2555 2163 2842 2248 Galbam,

542 2277 652 2336 aut
689 2274 1099 2356 praetoriano
1140 2273 1253 2356 qui
1294 2272 1635 2355 Othonem,
1676 2276 1787 2335 aut
1825 2271 2315 2336 Germaniciano
2355 2272 2466 2354 qui
2504 2270 2843 2335 Vitellium

472 2397 502 2445 3
540 2380 860 2444 fecissent.
920 2380 1274 2464 propositis
1323 2382 1540 2463 itaque
1577 2378 1951 2446 nominibus
1988 2378 2350 2464 legatorum
2391 2378 2841 2461 consularium,

542 2490 703 2569 quot
748 2486 988 2569 ubique
1037 2490 1192 2551 tunc
1239 2490 1437 2569 erant,
1484 2508 1627 2549 cum
1679 2490 1923 2550 ceteros
1973 2484 2171 2549 alium
2219 2485 2345 2548 alia
2385 2484 2459 2547 de
2497 2506 2688 2548 causa
2726 2486 2840 2548 im-

539 2593 890 2677 probarent
937 2598 1000 2657 et
1048 2593 1308 2677 quidam
1356 2615 1389 2656 6
1435 2593 1689 2676 legione
1727 2594 1936 2677 tertia,
1987 2614 2149 2675 quae
2189 2592 2306 2655 sub
2348 2591 2527 2655 exitu
2564 2589 2841 2655 Neronis
2871 2617 2923 2657 20
3018 2589 3027 2593 ’

538 2700 852 2763 translata
909 2722 987 2762 ex
1036 2698 1222 2783 Syria
1279 2700 1348 2763 in
1393 2697 1706 2762 Moesiam
1754 2699 1984 2780 fuerat,
2031 2697 2498 2781 Vespasianum
2544 2696 2841 2761 laudibus

539 2806 798 2889 ferrent,
846 2827 1170 2869 assensere
1217 2806 1431 2870 cuncti
1476 2827 1840 2889 nomenque
1889 2807 2023 2869 eius
2071 2806 2326 2869 uexillis
2367 2804 2665 2868 omnibus
2705 2805 2843 2868 sine

541 2934 724 2976 mora
741 2912 1220 2996 inscripserunt.
1262 2915 1325 2975 et
1344 2916 1497 2976 tunc
1517 2912 1775 2994 quidem
1798 2933 2163 2996 compressa
2182 2933 2284 2974 res
2306 2916 2404 2974 est
2423 2912 2742 2976 reuocatis
2763 2910 2844 2974 ad

543 3018 829 3083 officium
875 3020 1161 3083 numeris
1197 3041 1558 3103 parumper.
1640 3023 1923 3083 ceterum
1963 3019 2299 3103 diuulgato
2336 3018 2507 3082 facto
2547 3018 2843 3082 Tiberius

541 3125 906 3190 Alexander
917 3127 1277 3210 praefectus
1288 3124 1572 3211 Aegypti
1592 3127 1839 3210 primus
1861 3125 1930 3188 in
1948 3126 2145 3189 uerba
2156 3125 2538 3209 Vespasiani
2558 3125 2843 3210 legiones
2872 3149 2925 3189 25

543 3232 760 3318 adegit
805 3232 949 3296 Kal.
987 3231 1106 3297 Iul.
1118 3285 1134 3316 ,
1184 3232 1297 3316 qui
1342 3233 1744 3317 principatus
1792 3233 1925 3297 dies
1973 3235 2041 3295 in
2088 3236 2417 3316 posterum
2466 3232 2845 3295 obseruatus

544 3343 668 3422 est3
723 3337 1019 3403 Iudaicus
1069 3339 1296 3402 deinde
1344 3340 1661 3403 exercitus
1693 3338 1770 3403 V.
1800 3337 1952 3402 Idus
1981 3337 2097 3402 Iul.
2128 3338 2297 3423 apud
2335 3341 2549 3422 ipsum
2589 3338 2844 3402 iurauit.

692 3519 756 3566 15
770 3531 890 3582 sqq.
932 3516 1116 3568 Victor
1147 3515 1294 3570 Gaea.
1328 3519 1382 3581 8,
1404 3519 1438 3567 3
1475 3513 1685 3568 milites
1713 3505 2010 3583 praedicti,
2048 3516 2350 3582 postquam
2380 3513 2657 3568 Othonem
2684 3528 2846 3581 prae-

543 3594 729 3661 toriis,
770 3593 1067 3647 Vitellium
1106 3592 1550 3647 Germanicianis
1597 3594 1917 3662 legionibus
1965 3594 2180 3647 factum
2235 3611 2574 3664 competere,
2623 3591 2844 3657 aemuli,

542 3676 609 3727 ut
655 3674 803 3726 inter
849 3690 908 3727 se
955 3674 1164 3740 solent,
1220 3692 1289 3727 ne
1338 3673 1638 3727 dissimiles
1683 3673 2036 3741 uiderentur,
2075 3673 2491 3743 Vespasianum
2534 3674 2844 3743 perpulere.

548 3755 699 3809 Oros.
734 3756 858 3808 VII
877 3758 933 3819 8,
954 3759 987 3807 3
1027 3755 1096 3807 de
1134 3754 1411 3823 Hispania
1458 3754 1736 3822 siquidem
1785 3754 1918 3808 ilico
1957 3753 2141 3808 Galba
2187 3757 2523 3820 surrexerat3
2571 3770 2680 3821 quo
2718 3770 2848 3807 mox

543 3851 810 3903 oppresso
858 3833 1006 3888 Otho
1053 3834 1292 3900 Romae,
1339 3833 1604 3887 Vitellius
1661 3835 1717 3887 in
1770 3833 2097 3901 Germania,
2143 3834 2524 3903 Vespasianus
2580 3833 2641 3886 in
2687 3832 2849 3901 Syria

542 3915 781 3984 imperia
820 3913 989 3967 simul
1027 3917 1197 3983 atque
1237 3932 1390 3968 arma
1427 3917 1751 3983 rapuerunt.
1969 3913 1973 3919 ”

686 4073 717 4119 2
759 4069 1006 4120 statuam
1027 4099 1092 4106 —
1116 4082 1445 4120 conuersam
1483 4083 1516 4126 ς
1555 4065 1694 4136 (edd.
1715 4083 1807 4135 pr.
1841 4067 2021 4136 Rom.)
2134 4071 2165 4119 3
2204 4065 2542 4121 bretiacensi
2582 4064 2850 4134 (breciac-

546 4149 671 4214 LT,
709 4147 911 4201 bretic-
960 4149 1031 4217 Y)
1069 4151 1138 4216 Ω,
1177 4146 1431 4201 bebriac-
1468 4148 1620 4218 uuly.
1751 4148 2172 4200 concurreretur
2209 4148 2444 4218 Bentley
2589 4150 2620 4198 5
2660 4160 2849 4214 super-

544 4228 801 4281 euenisse
841 4228 915 4280 M
1056 4227 1189 4282 solis
1229 4230 1356 4280 ortu
1397 4227 1542 4293 YL1,
1580 4228 1777 4280 exortu
1815 4226 1949 4280 solis
1988 4227 2095 4280 PT
2264 4231 2295 4279 9
2352 4242 2382 4279 6
2420 4243 2520 4280 om.
2551 4227 2676 4293 LP,
2725 4242 2853 4279 cum

542 4307 645 4362 ST
783 4313 849 4360 12
887 4310 1159 4377 perseues·
1193 4307 1290 4362 Μι
1437 4312 1502 4360 16
1542 4324 1662 4360 6886
1701 4305 1849 4379 <86>
1881 4308 2149 4361 Βιῖοὴεῑεν
2282 4312 2347 4359 19
2388 4306 2488 4359 alii
2526 4305 2699 4361 alium
2738 4305 2852 4359 alia

547 4386 707 4439 POT
844 4387 1212 4457 implorarent
1248 4391 1295 4440 Y
1436 4393 1503 4440 20
1534 4387 1764 4456 quidem
1793 4388 1869 4440 M
2009 4392 2076 4438 22
2108 4384 2371 4439 efferrent
2402 4386 2493 4441 Ge*
2635 4392 2704 4439 24
2732 4404 2851 4439 11111·

545 4465 694 4517 neris
734 4469 790 4517 X
820 4472 870 4519 et
899 4485 1005 4535 pro
1043 4487 1097 4522 u.
1137 4470 1168 4523 l.
1210 4468 1296 4521 Π2
1458 4472 1525 4522 26
1565 4467 1765 4536 allegit
1801 4466 1944 4536 (adl-
1989 4467 2052 4537 Q)
2099 4470 2147 4519 Τ
2299 4472 2508 4520 26-27
2549 4466 2647 4535 qui
2683 4482 2852 4536 usque

544 4543 674 4596 idus
714 4544 811 4597 iul.
851 4561 951 4600 om.
987 4548 1175 4617 GH¹Q
1319 4553 1385 4601 27
1424 4547 1576 4618 idus]
1614 4564 1792 4602 nonas
1829 4565 1897 4603 ex
1942 4549 2064 4601 Tac.
2095 4548 2216 4601 hist.
2249 4549 2324 4600 ΙΙ
2349 4551 2421 4602 79
2457 4548 2653 4602 uolunt
2690 4547 2854 4600 multi

2893 1019 2917 1058 5
