3325 5209
1349 352 1550 406 NERO
1590 363 1722 413 [cn.
1752 364 1929 413 42—46]
2653 354 2784 417 263

487 513 789 597 exceptis,
853 517 1110 599 recepit.
1195 519 1446 599 partem
1511 517 1707 580 etiam
1763 537 1990 580 census
2047 537 2267 580 omnes
2324 516 2577 581 ordines
2638 539 2785 582 con·
2823 533 2855 581 2

488 620 653 685 ferre
708 623 896 685 iussit
962 627 1026 686 et
1089 623 1351 706 insuper
1413 622 1766 706 inquilinos
1820 625 2219 706 priuatarum
2283 624 2535 688 aedium
2593 629 2784 708 atque

488 727 845 791 insularum
904 731 1278 812 pensionem
1339 751 1616 793 annuam
1672 714 2146 813 repraesentare
2201 731 2386 816 fisco;
2445 733 2786 816 exegitque

488 835 737 918 ingenti
800 834 1062 899 fastidio
1130 840 1193 900 et
1255 836 1600 900 acerbitate
1659 859 1995 901 nummum
2060 858 2384 920 asperum,
2415 864 2419 868 ·
2448 842 2785 922 argentum

433 965 460 1005 5
489 941 910 1026 pustulatum,
957 964 1185 1006 aurum
1234 943 1315 1006 ad
1363 943 1717 1026 obrussam,
1761 947 1836 1006 ut
1878 943 2169 1027 plerique
2207 963 2464 1007 omnem
2502 945 2787 1009 collatio-

488 1069 636 1110 nem
683 1047 898 1131 palam
942 1054 1327 1133 recusarent,
1375 1070 1692 1113 consensu
1738 1048 2106 1133 flagitantes
2153 1072 2191 1113 a
2235 1049 2629 1131 delatoribus
2676 1072 2787 1134 po·

488 1155 619 1217 tius
674 1156 1034 1220 reuocanda
1098 1158 1385 1240 praemia
1445 1176 1883 1240 quaecumque
1939 1157 2274 1240 cepissent.
2366 1179 2446 1221 ex
2500 1179 2788 1221 annonae
2798 1154 2892 1221 45

492 1282 747 1344 quoque
795 1264 1060 1327 caritate
1106 1262 1481 1347 lucranti[a]
1532 1263 1819 1327 adcreuit
1863 1263 2134 1348 inuidia3
2179 1285 2332 1326 nam
2379 1267 2443 1326 et
2479 1262 2645 1327 forte
2691 1285 2789 1327 ac-

490 1367 672 1449 cidit,
727 1373 801 1432 ut
846 1370 915 1433 in
960 1370 1221 1453 publica
1268 1370 1437 1433 fame
1482 1368 1919 1434 Alexandrina
1973 1372 2157 1433 nauis
2202 1371 2607 1433 nuntiaretur
2651 1369 2788 1454 pul-

411 1498 464 1540 10
489 1495 708 1538 uerem
753 1475 1181 1541 luctatoribus
1228 1476 1453 1540 aulicis
1501 1477 1853 1540 aduexisse.

670 1580 879 1657 Quare
939 1583 1226 1647 omnium
1283 1585 1352 1646 in
1408 1606 1474 1646 se
1532 1583 1680 1646 odio
1728 1584 1997 1648 incitato
2045 1583 2208 1647 nihil
2255 1584 2788 1648 contumeliarum
2826 1599 2858 1647 2

492 1686 697 1750 defuit
754 1689 910 1770 quin
969 1689 1228 1752 subiret.
1315 1692 1564 1752 statuae
1621 1690 1758 1752 eius
1818 1711 1855 1752 a
1901 1692 2166 1755 uertice.
2199 1692 2399 1754 cirrus
2456 1692 2788 1773 appositus

492 1797 590 1855 est
637 1815 777 1857 cum
831 1795 1250 1878 inscriptione
1289 1793 1556 1859 Graeca:
1602 1816 1805 1859 nunc
1852 1796 2142 1859 demum
2191 1819 2435 1881 agona
2481 1819 2671 1881 esse,
2716 1801 2789 1861 et

493 1900 837 1964 traderet
892 1902 1213 1965 tandem.
1297 1902 1561 1965 alterius
1619 1902 1787 1966 collo
1844 1924 2076 1984 ascopa
2137 1903 2415 1988 deligata
2471 1903 2789 1987 simulque

412 2029 463 2071 15
493 2005 753 2070 titulus:
802 2028 938 2093 ego
975 2007 1157 2091 quid
1184 2008 1449 2091 potui?
1511 2009 1637 2072 sed
1667 2012 1749 2071 tu
1779 2008 2106 2072 culleum
2138 2011 2508 2074 meruisti.
2601 2011 2790 2074 ascri-

491 2117 678 2195 ptum
718 2117 782 2177 et
821 2114 1157 2198 columnis,
1195 2116 1430 2179 etiam
1471 2113 1736 2180 Gallos
1775 2136 1940 2179 eum
1979 2116 2354 2180 cantando
2395 2118 2788 2180 excitasse.

491 2219 620 2283 iam
676 2220 977 2284 noctibus
1032 2223 1244 2307 iurgia
1306 2243 1451 2286 cum
1519 2224 1723 2285 seruis
1787 2222 2079 2306 plerique
2134 2223 2510 2287 simulantes
2566 2222 2788 2287 crebro

491 2324 894 2391 Vindicem
939 2328 1307 2411 poscebant.

672 2433 1057 2499 Terrebatur
1112 2436 1192 2499 ad
1246 2435 1371 2499 hoc
1426 2435 1831 2499 euidentibus
1895 2432 2209 2519 portentis
2254 2432 2665 2500 'somniorum
2726 2431 2896 2499 et46

409 2563 467 2602 20
496 2542 928 2623 auspiciorum
966 2545 1031 2605 et
1069 2543 1376 2622 ominum,
1424 2564 1569 2605 cum
1607 2542 1937 2610 ueteribus
1974 2547 2115 2606 tum
2151 2545 2356 2607 nouis.
2437 2565 2792 2626 numquam

495 2651 683 2710 antea
728 2649 1045 2711 somniare
1094 2649 1322 2712 solitus
1372 2650 1581 2713 occisa
1618 2649 1876 2713 demum
1902 2654 2119 2713 -matre
2154 2650 2321 2714 uidit
2358 2671 2472 2733 per
2510 2651 2790 2733 quietem

383 2813 390 2819 .
491 2775 724 2817 nauem
785 2754 910 2817 sibi
969 2757 1218 2838 regenti
1270 2758 1594 2818 extortum
1655 2755 2162 2840 gubernaculum
2217 2755 2514 2839 trahique
2578 2778 2645 2820 se
2709 2756 2790 2819 ab

496 2858 765 2924 Octauia
808 2883 1008 2925 uxore
1056 2863 1125 2925 in
1164 2863 1515 2925 artissimas
1553 2862 1849 2927 tenebras
1888 2867 1952 2926 et
1988 2864 2181 2927 modo
2218 2865 2630 2947 pinnatarum
2665 2863 2791 2926 for-

494 2969 803 3032 micarum
855 2968 1268 3032 multitudine
1316 2968 1591 3052 oppleri,
1641 2969 1835 3033 modo
1882 2992 1920 3032 a
1967 2968 2326 3034 simulacris
2374 2971 2662 3053 gentium
2709 2970 2792 3033 ad

638 3165 705 3213 20
750 3162 887 3215 Tert.
927 3163 992 3215 de
1030 3163 1221 3215 anima
1258 3166 1328 3215 44
1368 3165 1447 3231 (p.
1479 3167 1605 3230 373,
1626 3167 1697 3216 13
1728 3162 1912 3230 Vind.)
1951 3162 2051 3215 sed
2089 3164 2147 3215 et
2181 3161 2461 3215 Neronem
2490 3161 2788 3216 Suetonius

495 3242 552 3292 et
580 3240 1019 3309 Thrasymedem
1047 3241 1442 3311 Theopompus
1472 3244 1686 3311 negant
1711 3257 1962 3309 unquam
1991 3242 2314 3309 somniasse,
2351 3240 2463 3295 nisi
2489 3242 2588 3295 uix
2615 3241 2791 3297 Nero-

492 3337 619 3374 nem
658 3320 717 3374 in
754 3320 955 3375 ultimo
993 3322 1149 3375 exitu
1185 3325 1315 3391 post
1349 3337 1589 3391 pauores
1628 3339 1774 3376 suos.

636 3523 664 3569 1
687 3517 925 3585 Recepit
944 3518 1120 3570 etiam
1138 3520 1359 3585 partem
1383 3519 1434 3573 G
1515 3525 1549 3571 4
1570 3518 1854 3572 acer-bitae
1876 3521 1950 3572 M
2055 3521 2384 3587 argenteum
2408 3519 2458 3572 G
2542 3523 2573 3570 5
2593 3519 2789 3589 pustu-

489 3596 671 3651 latum
686 3597 755 3664 G,
774 3597 1122 3666 postulatum
1141 3600 1240 3651 ΤΡ
1311 3614 1507 3651 aurum
1527 3616 1626 3652 om.
1640 3601 1702 3652 H
1705 3598 1751 3668 Q
1825 3598 1965 3652 adeo
1985 3599 2241 3652 brussam
2260 3599 2329 3664 G,
2350 3599 2423 3652 ad
2443 3597 2704 3651 obrusam
2717 3602 2790 3665 H,

490 3677 756 3730 obtusam
782 3680 832 3732 Τ
857 3676 907 3744 (i
935 3678 1184 3731 obrizam
1210 3695 1278 3732 ss.
1309 3681 1371 3731 in
1400 3680 1474 3747 R)
1584 3685 1617 3733 8
1645 3678 1892 3732 lucranti
1916 3679 2040 3733 Oud
2060 3721 2072 3744 ‚
2103 3678 2382 3733 lucrantia
2411 3678 2574 3747 (luct-
2598 3679 2700 3749 Ος)
2719 3682 2791 3746 Ω,

490 3755 832 3811 lucrantium
852 3775 884 3817 ς
906 3759 1055 3827 (inde
1073 3758 1321 3811 lucranti
1337 3760 1459 3811 tum
1481 3761 1750 3828 Lipsius),
1770 3758 2110 3813 luctantium
2128 3760 2443 3825 Sabellicus,
2462 3758 2792 3829 flagrantior

498 3838 729 3907 Bentley
852 3843 882 3890 9
912 3838 1066 3891 fama
1096 3838 1172 3891 M
1295 3845 1360 3891 12
1389 3838 1500 3892 fm't
1528 3839 1758 3893 Ernesti
1882 3856 2073 3908 cyrrus
2108 3839 2168 3909 Q,
2208 3856 2398 3892 currus
2428 3842 2486 3891 X
2609 3845 2673 3893 13
2705 3843 2791 3893 est

493 3932 596 3970 om.
631 3917 683 3970 G
858 3924 922 3971 14
959 3918 1185 3972 raderet
1218 3919 1503 3973 Turnebus
1605 3974 1612 3979 ,
1676 3935 1882 3988 ascopa
1919 3922 2005 3988 (ac
2044 3936 2213 3988 scopa
2242 3921 2315 3985 R,
2355 3921 2413 3972 et
2450 3936 2532 3973 sc·
2562 3919 2691 3989 HQ)
2720 3922 2790 3986 a,

497 4012 767 4066 ascopera
804 3999 923 4051 edd.
963 4016 1085 4053 eum
1125 3999 1410 4054 Politiauo
1447 4001 1548 4069 (ς),
1590 4015 1817 4052 ascoma
1848 4000 2150 4066 Turnebus,
2188 3997 2358 4061 ἀσκός
2394 4006 2444 4052 et
2478 4006 2593 4052 tum
2629 4016 2791 4067 prae-

403 4072 414 4079 “
494 4075 709 4145 ligatus
740 4077 989 4132 Howard
1168 4078 1421 4148 deligata
1455 4082 1515 4145 Τ,
1554 4079 1803 4133 delicata
1833 4082 1908 4135 M
1909 4080 2020 4134 GX
2195 4086 2260 4132 15
2298 4095 2403 4148 ego
2442 4079 2591 4146 quod
2629 4080 2791 4148 potui

504 4157 656 4210 Torr.
697 4159 833 4225 (coll.
871 4159 989 4212 Ter.
1020 4159 1240 4213 Phorm.
1272 4162 1424 4228 478),
1469 4160 1561 4229 egi
1598 4160 1753 4227 quod
1788 4158 1948 4228 potui
1990 4160 2224 4225 Gruter„
2262 4174 2367 4228 ego
2405 4158 2578 4227 quid?
2628 4161 2791 4228 potui

495 4238 651 4306 (dat.)
692 4238 983 4305 Chawner,
1030 4239 1122 4308 egi
1168 4255 1273 4307 ego
1319 4240 1470 4307 quod
1515 4239 1677 4308 potui
1717 4240 1967 4294 Howard
2149 4245 2213 4293 16
2253 4238 2547 4292 columnae
2586 4239 2720 4309 H¹Q

493 4317 693 4389 etiam]
731 4317 848 4371 iam
886 4317 1023 4388 11¹0
1058 4325 1109 4373 et
1134 4335 1276 4387 poers
1311 4318 1428 4373 edd.
1469 4319 1656 4389 (Roth)
1820 4325 1883 4372 17
1923 4320 2062 4391 iam]
2102 4319 2274 4374 etiam
2319 4320 2469 4373 Torr.
2592 4318 2788 4388 pleris-

494 4413 603 4466 que
636 4398 857 4453 MGR&
984 4404 1050 4451 19
1089 4401 1147 4453 et
1183 4398 1561 4466 auspiciorum
1599 4416 1700 4454 om.
1736 4401 1787 4454 G
1915 4406 1983 4453 20
2021 4400 2269 4455 omnium
2304 4401 2433 4453 MX
2463 4399 2544 4467 (ni
2580 4401 2643 4452 iu
2678 4417 2786 4453 ras.

493 4495 560 4531 m.
586 4483 616 4531 1
640 4480 726 4545 M,
757 4478 911 4532 omisi
930 4479 1047 4547 ΕΙ),
1077 4477 1366 4532 hominum
1387 4482 1446 4532 Π
1450 4479 1467 4510 ¹
1591 4486 1657 4532 22
1678 4480 1871 4534 nauim
1895 4480 1948 4535 G
2089 4485 2155 4534 23
2175 4481 2549 4549 pennatamm
2573 4480 2796 4534 GXYN
