3325 5209
1158 394 1213 448 c,
1256 394 1617 449 CALIGVLA
1654 407 1786 456 [off.
1819 407 1994 457 15—17]
2372 379 2377 385 ’
2571 400 2692 463 171

401 558 791 643 negauitque
822 580 888 621 se
919 557 1311 622 delatoribus
1341 580 1525 623 aures
1541 557 1796 624 habere.
1864 561 2168 644 spintrias
2196 566 2703 627 monstrosarum
2719 560 2808 627 16

400 663 744 727 libidinum
801 685 988 749 aegre
1044 687 1125 728 ne
1188 665 1510 749 profundo
1565 670 1883 752 mergeret
1949 672 2249 731 exoratus
2258 719 2278 750 ,
2340 668 2499 733 urbe
2554 669 2701 733 sub·

402 769 625 833 mouit.
729 770 860 834 Titi
916 769 1213 856 Labieni,
1286 771 1480 837 Cordi
1536 769 1851 858 Cremuti,
1918 772 2097 837 Cassi
2172 772 2392 838 Seueri
2462 777 2702 859 scripta

403 880 662 940 senatus
711 879 1021 942 consultis
1070 877 1313 943 abolita
1357 879 1601 961 requiri
1647 883 1713 944 et
1759 901 1895 943 esse
1942 880 2009 943 in
2055 881 2351 946 manibus
2399 883 2701 947 lectitari-

341 1004 522 1067 5que
576 984 894 1067 permisit,
951 985 1251 1067 quando
1310 984 1629 1049 maxime
1687 1007 1821 1050 sua
1875 988 2293 1051 interesset
2358 992 2441 1052 ut
2496 989 2701 1052 facta

400 1112 741 1174 quaeque
778 1091 1118 1174 posteris
1157 1092 1580 1156 tradantur.
1672 1094 1952 1157 rationes
1992 1094 2249 1177 imperii
2285 1095 2367 1158 ab
2401 1094 2698 1180 Augusto

396 1198 674 1280 proponi
705 1197 927 1261 solitas
957 1197 1068 1261 sed
1098 1220 1136 1261 a
1156 1197 1412 1264 Tiberio
1444 1199 1841 1264 intermissas
1869 1198 2245 1283 publicauit.
2310 1202 2699 1287 magistrati-
2737 1220 2768 1266 2

396 1303 518 1367 bus
555 1304 824 1368 liberam
862 1303 1020 1368 iuris
1063 1304 1412 1370 dictionem
1460 1309 1525 1370 et
1560 1306 1700 1370 sine
1739 1307 1839 1370 sui
1885 1307 2319 1391 appellatione
2366 1309 2697 1374 concessit.

398 1411 645 1494 equites
700 1410 776 1474 R.
835 1431 1053 1474 seuere
1111 1413 1487 1494 curioseque
1542 1433 1661 1476 nec
1720 1413 1856 1476 sine
1912 1413 2350 1479 moderatione
2396 1436 2699 1500 recogno-

318 1539 374 1579 10
400 1517 516 1601 uit,
562 1518 773 1601 palam
823 1518 1122 1601 adempto
1172 1524 1337 1600 equ'o
1388 1517 1622 1600 quibus
1671 1522 1783 1581 aut
1828 1519 2051 1602 probri
2088 1520 2334 1603 aliquid
2371 1525 2483 1585 aut
2519 1520 2695 1604 igno-

397 1624 632 1688 miniae
670 1625 936 1706 inesset,
975 1645 1196 1687 eorum
1246 1624 1359 1706 qui
1404 1624 1651 1688 minore
1692 1626 1880 1708 culpa
1917 1628 2290 1691 tenerentur
2323 1627 2697 1692 nominibus

398 1728 589 1793 modo
637 1730 706 1793 in
761 1729 1141 1793 recitatione
1196 1731 1579 1813 praeteritis,
1664 1738 1740 1793 ut
1784 1730 1993 1795 leuior
2036 1732 2220 1796 labor
2263 1733 2698 1798 iudicantibus

397 1835 582 1917 foret,
630 1836 712 1900 ad
760 1838 1068 1920 quattuor
1113 1836 1349 1919 prioris
1399 1837 1692 1919 quintam
1734 1838 2058 1902 decuriam
2096 1839 2356 1904 addidit.
2433 1845 2698 1925 tempta-

397 1941 495 2005 uit
551 1946 617 2005 et
671 1942 1082 2006 comitiorum
1140 1964 1317 2007 more
1377 1946 1680 2007 reuocato
1738 1944 2046 2030 suffragia
2110 1946 2352 2029 populo
2419 1948 2697 2012 reddere.

319 2078 374 2118 15
404 2048 619 2134 legata
666 2071 744 2113 ex
791 2052 1176 2114 testamento
1226 2049 1443 2114 Tiberi
1491 2071 1880 2134 quamquam
1929 2050 2192 2136 abolito,
2240 2053 2351 2118 sed
2397 2058 2462 2116 et
2498 2053 2699 2118 Iuliae
2738 2070 2768 2116 3

400 2153 761 2239 Augustae,
817 2158 991 2239 quod
1037 2157 1335 2222 Tiberius
1393 2164 1862 2241 suppresserat,
1920 2180 2064 2222 cum
2120 2159 2248 2222 fide
2293 2180 2369 2223 ac
2416 2159 2553 2224 sine
2601 2182 2699 2225 ca-

397 2262 642 2326 lumnia
687 2268 1166 2346 repraesentata
1203 2264 1533 2348 persoluit.
1619 2263 2120 2329 ducentesimam
2160 2267 2533 2330 auctionum
2573 2265 2697 2330 Ita-

397 2368 523 2432 liae
568 2371 844 2455 remisit3
890 2371 1115 2435 multis
1162 2372 1606 2436 incendiorum
1655 2372 1890 2435 damna
1935 2374 2291 2459 suppleuit3
2337 2395 2410 2437 ac
2458 2374 2512 2437 si
2562 2376 2698 2458 qui-

401 2476 519 2540 bus
566 2499 763 2563 regna
808 2478 1115 2562 restituit,
1160 2479 1395 2543 adiecit
1442 2483 1507 2543 et
1561 2478 1846 2543 fructum
1904 2500 2157 2549 omnem
2206 2481 2697 2568 uectigaliorum

316 2612 373 2651 20
402 2585 466 2645 et
511 2584 786 2648 reditum
847 2585 1042 2649 medii
1098 2587 1434 2670 temporis,
1489 2591 1565 2649 ut
1609 2585 1942 2651 Antiocho*
1986 2585 2415 2672 Commageno
2474 2593 2697 2653 sester-

397 2690 562 2753 tium
617 2692 827 2755 milies
893 2694 1328 2758 confiscatum.
1437 2715 1693 2777 quoque
1765 2693 1973 2779 magis
2041 2693 2281 2760 nullius
2346 2718 2478 2774 non
2543 2695 2698 2760 boni
2734 2710 2768 2756 4

399 2797 677 2881 exempli
722 2798 939 2864 fautor
982 2800 1336 2884 uideretur,
1390 2800 1644 2865 mulieri
1702 2799 2040 2867 libertinae
2087 2801 2461 2886 octingenta
2508 2802 2697 2867 dona-

398 2903 512 2986 uit,
559 2905 729 2987 quod
780 2891 1141 2970 excruciata
1187 2908 1588 2992 grauissimis
1635 2908 1977 2971 tormentis
2029 2907 2107 2971 de
2155 2909 2391 2973 scelere
2437 2910 2698 2993 patroni

397 3011 776 3076 reticuisset.
860 3034 1019 3096 quas
1076 3012 1159 3077 ob
1207 3035 1307 3078 res
1364 3014 1532 3079 inter
1584 3014 1871 3098 reliquos
1926 3014 2203 3080 honores
2260 3015 2551 3081 decretus
2599 3022 2698 3081 est

313 3144 368 3185 25
398 3118 457 3180 ei
515 3116 758 3202 clipeus
814 3141 1073 3203 aureus,
1129 3143 1320 3204 quem
1378 3122 1723 3205 quotannis
1780 3126 1954 3185 certo
2012 3122 2114 3185 die
2170 3122 2442 3208 collegia
2497 3144 2696 3188 sacer-

399 3223 622 3288 dotum
670 3226 739 3289 in
776 3224 1170 3310 Capitolium
1207 3228 1469 3312 ferrent,
1507 3232 1733 3292 senatu
1771 3233 2202 3313 prosequente
2239 3230 2696 3314 nobilibusque

397 3332 613 3413 pueris
689 3354 762 3396 ac
834 3333 1069 3417 puellis
1137 3335 1417 3398 carmine
1492 3333 1823 3399 modulato
1888 3334 2111 3399 laudes
2174 3336 2490 3400 uirtutum
2559 3338 2696 3402 eius

398 3439 791 3503 canentibus.
876 3441 1195 3505 decretum
1247 3446 1461 3506 autem
1509 3446 1584 3504 ut
1629 3442 1792 3525 dies,
1840 3464 1966 3526 quo
2015 3443 2291 3526 cepisset
2337 3443 2696 3527 imperium,

393 3544 633 3610 Parilia
678 3552 1035 3631 uocaretur,
1083 3551 1262 3612 uelut
1309 3553 1760 3634 argumentum
1808 3570 2029 3613 rursus
2079 3550 2371 3614 conditae
2417 3550 2614 3615 urbis.

314 3677 373 3716 zo
580 3652 964 3719 Consulatus
1004 3660 1312 3738 quattuor
1348 3658 1565 3743 gessit,
1601 3656 1886 3741 primum
1926 3677 2005 3719 ex
2042 3656 2185 3720 Kal.
2224 3656 2344 3722 Iul.
2383 3682 2499 3743 per
2537 3659 2696 3722 duos
2713 3650 2800 3717 17

397 3782 673 3844 menses,
731 3762 1081 3826 secundum
1138 3785 1216 3827 ex
1272 3763 1412 3826 Kal.
1469 3762 1601 3854 Ian,
1650 3785 1768 3848 per
1813 3762 1999 3826 XXX
2046 3763 2207 3847 dies,
2271 3767 2536 3829 tertium
2595 3789 2695 3830 us-

542 3969 566 4014 1
608 3962 666 4015 P.
689 3963 955 4016 sinthrias
978 3964 1185 4018 MGL¹
1214 3964 1330 4033 (Ps-
1352 3965 1467 4034 12⁸),
1505 3965 1792 4019 Pinthrias
1822 3966 1983 4031 PST,
2022 3965 2326 4021 Psinstrias
2351 3970 2454 4039 QR
2563 3974 2594 4021 2
2623 3985 2694 4023 ne

400 4045 472 4107 Τ,
519 4059 631 4095 non
662 4046 736 4097 M
744 4044 843 4098 Ge*
883 4045 983 4113 (sic
1026 4051 1076 4099 et
1109 4052 1227 4099 tum
1278 4060 1527 4114 mergere
1566 4047 1880 4113 Bucheler),
1926 4050 1992 4100 ut
2037 4063 2149 4099 non
2178 4051 2236 4100 X
2410 4051 2694 4103 exortatus

394 4122 550 4190 (exh-
575 4123 654 4192 G)
678 4126 752 4177 Μ
761 4124 811 4178 G
830 4126 879 4178 T
1014 4130 1081 4178 14
1109 4127 1402 4178 reuocatos
1430 4127 1495 4177 ut
1511 4125 1789 4192 MGLP1,
1816 4129 2081 4181 reuocato
2110 4130 2176 4179 ut
2199 4130 2272 4194 R,
2300 4132 2564 4182 reuocato
2594 4147 2694 4183 sua

393 4203 630 4272 Bentley
666 4204 756 4272 (cf.
789 4205 974 4259 Herm.
1004 4210 1078 4259 36
1099 4223 1156 4274 p.
1188 4208 1317 4275 302)
1476 4205 1737 4259 redderet
1768 4208 1818 4262 G
1981 4215 2046 4261 15
2085 4206 2281 4263 Liuiae
2320 4226 2353 4267 ς
2391 4210 2695 4280 (Beroald.)

396 4287 463 4335 17
503 4284 867 4337 centesimam
904 4286 1186 4341 Turnebus
1307 4286 1624 4340 auctionem
1654 4289 1722 4352 X,
1759 4288 2043 4341 actionum
2075 4288 2206 4357 11¹9
2317 4293 2381 4342 19
2422 4290 2633 4343 adiecit
2662 4307 2693 4349 ς

392 4364 718 4433 (Beroald.),
749 4364 958 4419 adfecit
978 4366 1121 4435 (adf-
1143 4370 1284 4433 ΜΠ,
1318 4366 1416 4420 aff·
1445 4368 1559 4433 rel.)
1580 4369 1632 4419 ,Ω
1739 4372 1806 4419 20
1826 4368 2014 4422 reditu
2044 4371 2130 4435 M,
2158 4372 2343 4423 -tuum
2365 4371 2623 4425 Beroald.

390 4460 763 4513 cummageno
801 4446 1090 4514 (cuma-T)
1125 4450 1191 4511 X,
1229 4463 1533 4515 comageno
1567 4449 1617 4499 ‘I'
1759 4453 1824 4499 22
1864 4448 2153 4517 octoginta
2181 4450 2360 4517 (—enta
2394 4450 2458 4520 Q)
2490 4451 2693 4519 L1119,

391 4524 671 4595 octiginta
712 4525 790 4578 L²
935 4531 1002 4579 30
1039 4525 1148 4579 ian.
1177 4526 1296 4596 HQ,
1333 4526 1445 4580 iuii.
1475 4528 1525 4580 T
1663 4532 1729 4580 31
1770 4527 1869 4581 iusi
1905 4528 2068 4597 (iunii
2097 4529 2159 4596 S)
2200 4533 2255 4582 X
