3325 5209
623 366 664 429 6
1326 364 1380 418 G.
1423 362 1736 417 SVETONI
1772 362 2217 429 TRANQVILLI

621 527 1115 592 extraordinarii
1175 527 1429 610 imperii
1492 527 1919 610 occasionem,
1991 527 2162 609 quod
2223 526 2642 592 Alexandrini
2701 549 2922 613 regem

623 656 810 698 suum
857 634 1103 699 socium
1159 637 1351 717 atque
1407 634 1687 698 amicum
1735 656 1773 696 a
1817 636 2043 697 senatu
2101 634 2492 716 appellatum
2547 635 2924 719 expulerant

623 763 850 824 resque
897 739 1095 826 uulgo
1151 739 1632 823 inprobabatur.
1673 771 1686 781 „
1724 760 1842 804 nec
1888 739 2174 804 obtinuit
2229 740 2607 805 aduersante
2654 743 2922 825 optima-

624 848 788 911 tium
843 846 1149 910 factione:
1207 866 1481 928 quorum
1537 847 1988 910 auctoritatem
2044 850 2120 909 ut
2174 847 2407 931 quibus
2454 853 2672 931 posset
2716 849 2924 913 modis

624 955 690 1017 in
750 954 958 1017 uicem
1018 953 1438 1036 deminueret,
1497 957 1764 1036 tropaea
1825 950 1943 1017 Gai
2001 952 2168 1017 Mari
2230 954 2307 1017 de
2360 953 2677 1040 Iugurtha
2721 955 2923 1039 deque
2980 979 3008 1019 5

627 1059 903 1125 Cimbris
959 1063 1150 1143 atque
1198 1058 1508 1124 Teutonis
1557 1060 1713 1123 olim
1771 1083 1809 1123 a
1857 1057 2037 1123 Sufla
2083 1059 2351 1125 disiecta
2401 1062 2687 1126 restituit
2733 1066 2924 1145 atque

626 1168 691 1230 in
758 1166 1109 1231 exercenda
1173 1165 1249 1229 de
1320 1165 1542 1228 sicaris
1608 1166 1984 1249 quaestione
2050 1187 2159 1230 eos
2225 1188 2481 1250 quoque
2546 1167 2925 1232 sicariorum

625 1294 893 1338 numero
938 1272 1198 1355 habuit,
1255 1271 1368 1354 qui
1412 1272 1887 1355 proscriptione
1934 1272 2017 1335 ob
2073 1273 2275 1336 relata
2322 1273 2562 1339 ciuium
2609 1273 2929 1337 Romano-

626 1402 768 1444 rum
832 1380 1043 1462 capita
1101 1378 1406 1462 pecunias
1466 1399 1543 1441 ex
1604 1379 1850 1441 aerario
1913 1383 2315 1462 acceperant,
2377 1402 2761 1464 quamquam
2823 1401 2925 1443 ex-

523 1481 606 1546 12
629 1491 848 1570 ceptos
898 1484 1187 1549 Cornelis
1242 1484 1510 1570 legibuS.
1604 1485 1986 1549 subornauit
2041 1487 2230 1550 etiam
2291 1486 2404 1569 qui
2451 1484 2609 1550 Gaio
2655 1486 2924 1550 Rabirio
2958 1512 3013 1551 10

628 1592 1084 1676 perduellionis
1150 1592 1317 1656 diem
1379 1591 1647 1674 diceret,
1708 1613 1835 1674 quo
1905 1593 2253 1677 praecipuo
2319 1592 2611 1657 adiutore
2680 1593 2927 1676 aliquot

631 1703 779 1762 ante
816 1720 1018 1763 annos
1053 1697 1214 1763 Luci
1246 1697 1578 1762 Saturnini
1616 1698 1993 1762 seditiosum
2031 1699 2430 1765 tribunatum
2470 1704 2726 1764 senatus
2756 1721 2927 1764 coer-

632 1810 866 1888 cuerat,
912 1828 986 1869 ac
1032 1810 1204 1870 sorte
1249 1804 1440 1869 iudex
1486 1806 1553 1869 in
1599 1827 1781 1869 reum
1830 1805 2060 1870 ductus
2106 1809 2240 1870 tam
2289 1807 2516 1890 cupide
2555 1806 2931 1870 condemna-

632 1913 748 1996 uit,
794 1916 868 1975 ut
914 1912 993 1976 ad
1038 1913 1350 1996 populum
1396 1913 1784 1997 prouocanti
1838 1912 2005 1976 nihil
2050 1934 2249 1996 aeque
2298 1935 2372 1978 ac
2418 1913 2647 1976 iudicis
2693 1912 2931 1976 acerbi-

529 2012 615 2078 13
636 2023 735 2083 tas
780 2019 1113 2102 profuerit.
1190 2018 1479 2103 deposita
1522 2019 1893 2102 prouinciae
1941 2040 2052 2102 spe
2088 2020 2538 2102 pontificatum
2577 2020 2928 2083 maximum
2963 2043 3013 2083 15

631 2126 795 2210 petit
847 2148 983 2191 non
1037 2126 1174 2189 sine
1219 2124 1672 2208 profusissima
1727 2124 2098 2210 largitione:
2154 2126 2224 2189 in
2270 2148 2397 2209 qua
2451 2130 2755 2210 reputans
2802 2147 2932 2189 ma-

633 2233 1035 2319 gnitudinem
1100 2232 1264 2297 aeris
1325 2231 1548 2314 alieni,
1615 2253 1759 2294 cum
1805 2253 1991 2295 mane
2048 2232 2127 2295 ad
2188 2232 2449 2296 comitia
2507 2232 2930 2315 descenderet,

632 2340 1022 2424 praedixisse
1078 2339 1270 2402 matri
1328 2338 1644 2402 osculanti
1713 2337 1918 2401 fertur
1984 2339 2279 2403 domum
2338 2361 2412 2402 se
2467 2339 2622 2403 nisi
2677 2338 2930 2421 ponti-

635 2447 866 2512 ficem
912 2467 1061 2509 non
1108 2465 1610 2507 reuersurum.
1687 2448 1879 2527 atque
1918 2444 2008 2508 ita
2045 2444 2527 2528 potentissimos
2567 2445 2726 2509 duos
2766 2467 2934 2510 com-

634 2554 942 2636 petitores
1001 2551 1404 2634 multumque
1461 2554 1525 2613 et
1581 2554 1788 2614 aetate
1848 2555 1912 2615 et
1969 2551 2283 2635 dignitate
2343 2550 2786 2617 antecedentes
2832 2573 2928 2615 su·
2963 2575 3017 2615 20

635 2660 905 2743 perauit,
951 2662 1026 2721 ut
1069 2657 1257 2740 plura
1303 2658 1441 2740 ipse
1488 2658 1554 2720 in
1594 2680 1816 2721 eorum
1855 2658 2153 2722 tribubus
2191 2659 2498 2744 suffragia
2536 2681 2727 2742 quam
2765 2662 2930 2723 uter-

639 2788 761 2849 que
809 2766 875 2827 in
924 2764 1224 2828 omnibus
1272 2764 1512 2828 tulerit.
2909 2849 2914 2852 v

533 2864 621 2930 14
820 2870 1088 2935 Praetor
1148 2875 1396 2936 creatus
1406 2920 1424 2953 ,
1488 2870 1739 2935 detecta
1804 2871 2243 2935 coniuratione
2311 2870 2620 2936 Catilinae
2684 2875 2933 2936 senatu-

641 3002 763 3063 que
818 2979 1120 3041 uniuerso
1186 2977 1253 3040 in
1311 2978 1517 3042 socios
1574 2976 1882 3041 facinoris
1938 2978 2230 3042 ultimam
2275 2983 2597 3043 statuente
2642 3001 2933 3062 poenam,

640 3086 815 3151 solus
870 3085 1317 3167 municipatim
1365 3084 1741 3148 diuidendos
1800 3085 2377 3168 custodiendosque
2432 3085 2777 3169 publicatis
2826 3085 2933 3149 bo·
2963 3107 3017 3148 25

641 3194 740 3256 nis
790 3192 1054 3256 censuit.
1148 3192 1306 3274 quin
1351 3195 1416 3254 et
1460 3195 1714 3255 tantum
1762 3195 2007 3255 metum
2053 3193 2273 3256 iniecit
2310 3194 2635 3276 asperiora
2672 3191 2935 3256 suaden-

641 3300 843 3381 tibus,
898 3297 1245 3362 identidem
1303 3302 1631 3361 ostentans
1688 3302 1928 3381 quanta
1984 3320 2093 3362 eos
2147 3299 2216 3362 in
2270 3303 2600 3382 posterum
2656 3322 2692 3362 a
2746 3299 2933 3383 plebe

640 3405 933 3469 Romana
978 3409 1265 3468 maneret
1309 3404 1571 3489 inuidia,
1617 3408 1691 3468 ut
1736 3403 2070 3467 Decimum
2122 3402 2410 3469 Silanum
2459 3406 2783 3471 consulem
2831 3406 2935 3469 de-

642 3512 969 3597 signatum
1015 3532 1145 3575 non
1202 3512 1489 3597 piguerit
1545 3512 1928 3575 sententiam
1988 3533 2196 3594 suam,
2257 3514 2407 3596 quia
2450 3518 2700 3578 mutare
2746 3516 2934 3595 turpe

643 3623 797 3701 erat,
845 3618 1371 3701 interpretatione
1418 3618 1636 3701 lenire,
1687 3617 1864 3681 uelut
1913 3619 2173 3703 grauius
2213 3623 2404 3702 atque
2453 3620 2588 3702 ipse
2635 3620 2936 3683 sensisset
2964 3636 3021 3676 80

572 3735 603 3782 2
644 3729 988 3807 exceptam.
1064 3724 1448 3789 obtinuisset
1494 3725 1649 3787 adeo
1698 3725 2087 3790 transductis
2135 3726 2264 3789 iam
2311 3727 2391 3790 ad
2438 3749 2503 3790 se
2541 3727 2832 3809 pluribus
2870 3729 2935 3789 et

790 4075 820 4121 3
851 4085 996 4136 quae
1026 4085 1110 4121 res
1144 4069 1337 4122 Medd.
1370 4069 1552 4122 delens
1582 4069 1735 4136 quod
1765 4069 2132 4122 Alexandrini
2161 4088 2329 4138 usque
2358 4070 2688 4139 expulerant
2832 4069 2934 4121 im-

644 4148 989 4218 probabatur
1025 4153 1093 4214 Y,
1138 4148 1490 4218 improbatur
1528 4148 1671 4216 (inp-
1701 4148 1794 4216 M)
1820 4149 1912 4201 rel.
2061 4148 2398 4217 optimatum
2439 4149 2576 4202 ΤΠ
2595 4151 2644 4202 T
2780 4154 2811 4202 5
2852 4149 2935 4201 di-

644 4229 921 4282 minueret
967 4233 1026 4281 X
1028 4228 1112 4282 Π2
1256 4234 1288 4282 8
1334 4245 1565 4282 numero
1587 4260 1656 4267 ——
1685 4227 2061 4281 Romanorum
2117 4245 2217 4282 om.
2266 4232 2314 4281 Τ
2365 4232 2675 4297 (propterea
2731 4229 2829 4297 qui
2874 4230 2937 4284 in

639 4317 764 4377 post
801 4326 1022 4376 quoque
1059 4310 1186 4363 add.
1218 4311 1301 4375 H,
1352 4309 1790 4376 condempnauit
1827 4307 1925 4375 qui
1960 4325 2061 4375 per
2095 4325 2205 4377 pro
2241 4325 2463 4377 quoque
2501 4310 2856 4378 interpolauit
2883 4313 2936 4379 ρ)

648 4394 714 4441 10
763 4387 981 4441 sabinio
1032 4391 1147 4457 (-no
1204 4390 1273 4456 T)
1325 4389 1442 4442 GT
1609 4394 1674 4441 11
1724 4388 1940 4441 aiutore
1989 4388 2100 4455 M¹‚
2152 4391 2380 4443 auctore
2432 4388 2566 4443 GX'
2736 4394 2800 4441 16
2838 4405 2936 4457 pe-

645 4468 742 4522 tiit
785 4472 833 4521 'I‘
972 4485 1081 4521 non
1112 4475 1238 4535 post
1276 4484 1389 4535 qua
1426 4468 1552 4521 add.
1598 4468 1646 4521 G
