3325 5209
599 423 732 487 232
1119 458 1125 485 ς
1262 424 1318 479 C.
1361 425 1676 479 SVETONI
1720 423 2166 489 TRANQVILLI

603 593 1061 651 seuerauerunt
1108 554 1329 657 ornnes
1377 589 1446 651 in
1493 589 1714 652 eodem
1756 588 2157 673 cognomine.
2243 611 2316 652 ac
2360 611 2442 652 ne
2487 589 2933 673 praenomina.

602 694 862 777 quidem
918 694 1053 757 ulla
1106 700 1553 779 praeterquam
1612 694 1812 759 Gnaei
1881 699 1945 759 et
1999 694 2158 759 Luci
2214 700 2639 780 usurparunt3
2705 718 2906 778 eaque

600 800 745 885 ipsa
788 801 1061 865 notabili
1101 802 1429 885 uarietate,
1478 802 1669 866 modo
1720 802 2170 866 continuantes
2217 802 2754 886 unumquodque
2789 825 2906 886 per

601 906 805 971 trinas
852 929 1176 990 personae,
1223 909 1416 972 modo
1464 908 1855 972 alternantes
1893 930 2009 992 per
2047 909 2352 993 singulas
2433 931 2583 972 nam
2620 909 2903 993 primum

600 1013 1079 1097 secundumque
1127 1038 1200 1080 ac
1247 1015 1509 1078 tertium
1555 1012 2223 1098 A<h>enobarborum
2274 1016 2529 1099 Lucios,
2577 1016 2903 1099 sequentis
2967 1042 2992 1081 5

598 1143 822 1185 rursus
869 1126 1001 1185 tres
1058 1144 1136 1185 ex
1191 1122 1416 1185 ordine
1464 1119 1717 1186 Gnaeos
1780 1121 2171 1206 accepimus,
2240 1122 2523 1205 reliquos
2590 1144 2725 1187 non
2777 1123 2904 1186 nisi

600 1228 888 1292 uicissim
936 1233 1076 1292 tum
1120 1227 1360 1316 Lucios
1416 1233 1555 1291 tum
1605 1226 1875 1292 Gnaeos.
1960 1228 2166 1312 pluris
2215 1252 2265 1293 e·
2294 1230 2541 1293 familia
2598 1230 2900 1315 cognosci

599 1335 838 1398 referre
885 1334 1179 1417 arbitror,
1228 1357 1354 1418 quo
1402 1335 1657 1399 facilius
1707 1341 2011 1418 appareat
2070 1337 2162 1400 ita
2209 1337 2626 1419 degenerasse
2673 1360 2711 1400 a
2755 1358 2897 1400 suo-

598 1463 744 1505 rum
798 1439 1152 1504 uirtutibus
1207 1439 1413 1523 Nero,
1469 1444 1543 1505 ut
1597 1445 1813 1504 tamen
1868 1442 2032 1505 uitia
2079 1443 2388 1524 cuiusque
2436 1442 2619 1525 quasi
2665 1442 2902 1506 tradita

529 1543 569 1607 2
601 1552 664 1610 et
712 1546 999 1631 ingenita
1051 1547 1476 1630 ret<t>ulerit.
1558 1553 1634 1610 ut
1678 1548 1883 1633 igitur
1928 1549 2121 1631 paulo
2170 1549 2365 1612 altius
2410 1554 2724 1633 repetam,
2772 1552 2901 1613 ata—
2932 1575 2988 1614 ιο

598 1676 719 1717 uus
787 1653 923 1718 eius
992 1653 1102 1716 Cn.
1155 1653 1482 1717 Domitius
1558 1654 1627 1717 in
1690 1653 2025 1718 tribunatu
2090 1655 2509 1737 pontificibus
2582 1655 2902 1736 offensior,

600 1760 775 1844 quod
838 1760 1037 1824 alium
1104 1782 1313 1848 quamv
1362 1782 1430 1823 se
1494 1761 1564 1824 in
1625 1762 1831 1844 patris
1880 1762 1981 1824 sui
2036 1761 2252 1826 locum
2309 1765 2742 1845 cooptassent,
2800 1761 2898 1824 ius

598 1867 1002 1932 sacerdotum
1052 1866 1606 1950 subrogandorum
1656 1890 1696 1930 a
1741 1867 2030 1952 collegiis
2069 1868 2150 1930 ad
2187 1868 2502 1952 populum
2540 1868 2900 1954 transtulit3

599 1980 666 2039 at
712 1975 782 2037 in
827 1974 1164 2038 consulatu
1211 1972 1676 2059 Allobrogibus
1722 1973 2159 2057 Aruernisque
2207 1977 2523 2058 superatis
2562 1975 2901 2058 elephanto

599 2103 715 2164 per
743 2081 1146 2165 prouinciam
1192 2085 1417 2145 uectus
1466 2084 1562 2143 est
1589 2080 1783 2144 turba
1819 2081 2101 2145 militum
2141 2083 2323 2165 quasi
2362 2083 2529 2145 inter
2568 2082 2903 2146 sollemnia
2933 2106 2986 2146 ιε

530 2201 561 2248 2
601 2186 917 2271 triumphi
940 2190 1384 2271 prosequente.
1447 2186 1707 2251 inhunc
1737 2188 1901 2251 dixit
1919 2187 2205 2252 Licinius
2227 2185 2491 2252 Crassus
2523 2193 2739 2253 orator
2757 2212 2903 2253 non

596 2317 767 2360 esse
816 2294 1273 2377 mirandum,
1326 2293 1526 2377 quod
1568 2317 1871 2358 aeneam
1917 2295 2224 2359 barbam
2262 2296 2604 2379 haberet,
2654 2296 2774 2360 cui
2822 2318 2902 2358 os

598 2403 961 2485 ferreum,
998 2422 1128 2464 cor
1164 2400 1599 2485 plumbeum
1642 2407 1862 2466 esset.
1935 2402 2127 2466 huius
2156 2404 2330 2485 filius
2359 2408 2620 2487 praetor
2658 2402 2722 2467 C.
2755 2402 2902 2466 Cae-

601 2530 811 2571 sarem
858 2507 1200 2571 abeuntem
1247 2506 1617 2591 consulatU,
1676 2529 1867 2591 quem
1914 2508 2221 2572 aduersus
2268 2511 2554 2592 auspicia
2599 2510 2901 2595 legesque

602 2616 875 2700 gessisse
912 2613 1418 2697 existimabatur,
1456 2614 1535 2676 ad
1574 2613 2091 2697 disquisitionem
2132 2622 2389 2680 senatus
2421 2619 2709 2703 uocauit3
2746 2639 2896 2681 mox
2926 2640 2983 2680 20

600 2721 829 2785 consul
873 2721 1326 2804 imperatorem
1374 2721 1452 2784 ab
1502 2722 1889 2786 exercitibus
1940 2720 2200 2787 Gallicis
2256 2724 2580 2787 retrahere
2628 2728 2899 2808 tempta-

600 2828 701 2891 uit
748 2848 1202 2910 successorque
1251 2828 1310 2889 ei
1355 2849 1471 2910 per
1516 2828 1865 2892 factionem
1911 2830 2283 2892 nominatus
2330 2830 2648 2913 principio
2689 2830 2900 2894 ciuilis

535 2944 567 2991 3
604 2933 761 2998 belli
821 2934 902 2997 ad
967 2931 1321 2997 Corfinium
1387 2939 1611 3019 captus
1676 2940 1788 2999 est.
1880 2936 2049 2998 unde
2116 2936 2416 2999 dimissus
2481 2937 2899 3000 Massiliensis

566 3040 934 3104 &obsidione
987 3040 1343 3103 laborantis
1399 3062 1545 3103 cum
1602 3040 1884 3105 aduentu
1941 3063 2058 3106 suo
2118 3044 2579 3126 confirmasset,
2636 3047 2896 3127 repente

600 3146 893 3225 destituit
940 3147 1201 3230 acieque
1248 3147 1504 3210 demum
1550 3147 1921 3211 Pharsalica
1969 3150 2296 3233 occubuit3
2343 3152 2444 3213 uir
2488 3173 2697 3234 neque
2744 3153 2898 3214 satis
2929 3172 2983 3212 25

602 3257 903 3318 constans
975 3258 1043 3316 et
1118 3256 1377 3339 ingenio
1452 3255 1624 3319 truci
1690 3254 1759 3317 in
1832 3255 2274 3338 desperatione
2347 3275 2563 3321 rerum
2627 3262 2900 3321 mortem

601 3361 832 3425 timore
871 3363 1224 3445 appetitam
1265 3364 1357 3425 ita
1397 3363 1678 3446 expauit,
1707 3368 1782 3427 ut
1808 3363 2111 3426 haustum
2146 3360 2466 3427 'uenenum
2506 3366 2899 3448 paenitentia

602 3468 962 3531 euomuerit
1023 3469 1468 3551 medicumque
1529 3471 2001 3553 manumiserit,
2072 3471 2244 3554 quod
2305 3471 2430 3534 sibi
2489 3472 2769 3554 prudens
2828 3493 2900 3535 ac
2948 3512 2957 3517 -

602 3575 808 3649 sciens
837 3576 1049 3639 minus
1087 3577 1354 3638 noxium
1393 3580 1832 3659 temperasset.
1896 3577 2297 3641 consultante
2335 3582 2547 3642 autem
2582 3577 2692 3641 Gn.
2714 3578 2899 3643 Pom-

601 3682 747 3764 peio
796 3681 874 3744 de
919 3681 1146 3745 mediis
1193 3704 1267 3746 ac
1320 3687 1614 3746 neutram
1666 3689 1913 3766 partem
1965 3685 2380 3766 sequentibus
2430 3685 2604 3749 solus
2653 3687 2898 3750 censuit
2926 3705 2982 3746 ³0

599 3786 886 3851 hostium
933 3810 1199 3852 numero
1249 3788 1592 3853 habendos

527 3887 570 3967 3
780 3893 1071 3977 Reliquit
1117 3895 1326 3958 filium
1384 3897 1682 3959 omnibus
1739 3898 1951 3981 gentis
2009 3920 2159 3961 suae
2205 3899 2432 3981 procul
2479 3899 2673 3963 dubio
2721 3923 2898 3983 prae·

600 4002 951 4079 ferendum.
1036 4003 1092 4065 is
1140 4003 1309 4078 inter
1355 4004 1645 4067 conscios
1688 4002 2102 4067 Caesarianae
2149 4005 2323 4068 necis
2370 4028 2759 4088 quamquam
2808 4008 2899 4069 in-
2972 4062 2981 4085 λ

605 4131 755 4173 80118
817 4108 1157 4198 damnatus
1218 4109 1361 4193 lege
1407 4109 1628 4193 Pedia,
1691 4132 1836 4173 cum
1896 4111 1975 4173 ad
2037 4110 2326 4174 Cassium
2382 4112 2784 4196 Brutumque
2833 4135 2900 4176 se

745 4316 775 4362 9
804 4327 1070 4364 neronem
1093 4311 1143 4363 G
1251 4310 1395 4364 uitia
1416 4317 1517 4365 om.
1543 4312 1594 4365 G
1706 4318 1770 4366 12
1802 4316 2220 4381 comoptassent
2242 4315 2316 4367 M
2327 4316 2509 4384 (prior
2528 4332 2559 4369 o
2579 4331 2716 4369 corr.
2736 4332 2803 4368 ex
2820 4317 2896 4384 u),

602 4392 962 4457 coaptassent
985 4391 1096 4444 ‘1³'6
1273 4396 1340 4443 14
1378 4391 1716 4460 auernisque
1764 4393 2082 4461 superantis
2125 4396 2197 4448 M
2238 4400 2455 4461 (auern-
2495 4397 2657 4449 etiam
2699 4395 2750 4449 G
2765 4395 2895 4466 QR)

605 4475 670 4522 1'6
699 4469 940 4523 lucinius
963 4471 1072 4524 Ma
1181 4476 1247 4524 22
1270 4488 1554 4525 successor
1580 4471 1628 4524 G
1741 4477 1807 4525 23
1835 4473 2170 4527 massiliensi
2192 4474 2506 4544 (massiensi
2526 4476 2593 4544 S)
2611 4479 2680 4542 X,
2698 4476 2897 4531 massi-

600 4548 803 4602 lienses
829 4549 880 4602 G
897 4552 944 4602 Y
1048 4557 1114 4603 25
1146 4551 1283 4604 satis
1305 4568 1403 4605 om.
1429 4551 1481 4606 G
1592 4558 1659 4606 26
1680 4553 1826 4606 truci
1846 4553 2030 4626 (qui)
2050 4557 2227 4609 Polak
2335 4562 2399 4608 27
2431 4559 2641 4610 temere
2665 4556 2898 4626 Bentley
