3325 5209
618 377 750 441 286
1318 375 1375 431 c,
1415 374 1730 430 svnrom
1767 330 2217 440 TRANQVILH

620 540 932 604 minorem
978 539 1062 604 M.
1103 540 1552 626 cognominem
1600 539 1753 623 sibi3
1809 539 1962 603 tulit
2009 542 2074 602 et
2116 538 2347 621 filiam,
2404 561 2591 623 quam
2648 538 2915 602 uixdum

619 646 905 711 nubilem
950 645 1163 711 Druso
1204 644 1566 712 Germanici
1612 645 1750 710 filio
1798 645 2153 730 despondit.

551 753 591 817 2
800 752 971 817 Otho
1008 754 1360 836 imperator
1394 751 1542 818 IIII.
1572 753 1715 818 Kal.
1745 752 1892 816 Mai.
1931 756 2122 817 natus
2161 757 2259 816 est
2293 749 2565 816 Camillo
2604 751 2917 815 Arruntio

485 842 599 943 {230²-
623 860 914 926 Domitio
952 858 1385 925 Ahenobarbo
1434 881 1602 925 cons.
1687 883 1724 923 a
1768 859 1978 944 prima
2020 859 2451 923 adulescentia
2495 858 2804 944 prodigus
2843 881 2918 923 ac

620 988 885 1051 procax,
932 968 1090 1031 adeo
1136 973 1209 1032 ut
1255 989 1440 1051 saepe
1489 967 1706 1053 flagris
1755 966 2206 1052 obiurgaretur
2252 988 2290 1029 a
2326 969 2535 1050 patre,
2593 965 2917 1029 ferebatur
2979 992 3008 1032 5

622 1076 687 1137 et
723 1074 947 1158 uagari
985 1074 1282 1137 noctibus
1321 1072 1550 1136 solitus
1590 1077 1784 1156 atque
1824 1072 2177 1137 inualidum
2219 1093 2538 1156 quemque
2578 1071 2917 1136 obuiorum

621 1182 727 1245 uel
797 1180 1205 1265 potulentum
1281 1180 1600 1263 corripere
1677 1202 1751 1244 ac
1827 1180 2105 1243 distento
2181 1200 2337 1265 sago
2403 1181 2777 1263 impositum
2850 1181 2920 1243 in

550 1305 582 1351 2
620 1287 893 1352 sublime
932 1288 1183 1351 iactare.
1265 1292 1414 1371 post
1448 1288 1650 1370 patris
1682 1287 1909 1352 deinde
1937 1268 2210 1350 mortem
2248 1286 2613 1351 libertinam
2647 1287 2918 1350 aulicam

621 1395 998 1479 gratiosam,
1076 1416 1204 1477 quo
1271 1394 1591 1457 efficacius
1658 1393 1923 1476 coleret,
1998 1395 2192 1457 etiam
2259 1393 2524 1477 diligere
2591 1392 2921 1456 simulauit

623 1500 919 1584 quamuis
985 1522 1177 1563 anum
1243 1521 1316 1564 ac
1380 1522 1580 1583 paene
1660 1499 2075 1583 decrepitam3
2147 1521 2263 1582 per
2292 1498 2299 1503 ’
2326 1497 2491 1563 hanc
2556 1499 2916 1563 insinuatus
2946 1526 3005 1564 ιο

620 1607 866 1671 Neroni
913 1606 1100 1670 facile
1140 1628 1458 1669 summum
1498 1606 1667 1668 inter
1714 1605 1953 1669 amicos
1991 1605 2206 1668 locum
2254 1607 2463 1669 tenuit
2501 1605 2918 1689 congruentia

622 1736 893 1797 morum,
931 1717 1004 1777 ut
1040 1733 1194 1776 uero
1236 1712 1497 1795 quidam
1528 1712 1810 1795 tradunt,
1853 1716 1918 1775 et
1956 1711 2415 1800 consuetudine
2454 1713 2661 1776 mutui
2692 1713 2914 1796 stupri.

624 1841 701 1884 ac
729 1823 982 1884 tantum
1010 1820 1300 1903 potentia
1327 1819 1552 1902 ualuit,
1590 1824 1662 1883 ut
1693 1820 2064 1883 damnatum
2106 1819 2478 1902 repetundis
2518 1820 2915 1884 consularem

622 1927 853 2011 uirum,
882 1928 1106 2012 ingens
1135 1926 1494 2010 praemium
1514 1930 1762 2011 pactus,
1790 1927 1970 2009 prius
2002 1948 2194 2009 quam
2223 1925 2412 2008 plane
2440 1926 2915 1990 restitutionem

623 2034 681 2096 ei
729 2034 1159 2117 impetrasset,
1209 2055 1340 2097 non
1386 2033 1712 2096 dubitaret
1759 2032 1825 2094 in
1874 2037 2164 2096 senatum
2215 2033 2292 2096 ad
2351 2032 2628 2115 agendas
2676 2032 2916 2116 gratias
2948 2058 3000 2097 15

553 2138 594 2204 3
625 2140 1044 2205 introducere.
1129 2140 1415 2204 omnium
1464 2144 1678 2203 autem
1718 2140 2134 2203 consiliorum
2174 2144 2689 2222 secretorumque
2726 2138 2920 2222 parti-

626 2269 773 2331 ceps
812 2248 931 2330 die,
978 2269 1167 2330 quem
1206 2247 1525 2310 necandae
1562 2247 1756 2309 matri
1792 2245 1968 2309 Nero
2007 2246 2373 2329 destinarat,
2421 2247 2498 2309 ad
2537 2245 2917 2309 auertendas

623 2355 1017 2438 suspiciones
1055 2376 1275 2418 cenam
1306 2355 1561 2436 utrique
1592 2353 2127 2436 exquisitissimae
2167 2338 2486 2417 comitatis
2526 2352 2724 2435 dedit,
2766 2353 2916 2415 item

622 2460 984 2544 Poppaeam
1028 2458 1331 2524 Sabinam
1370 2464 1524 2523 tunc
1560 2460 1769 2522 adhuc
1808 2460 2074 2523 amicam
2117 2461 2269 2542 eius,
2309 2461 2645 2524 abductam
2687 2459 2916 2523 marito

624 2567 1196 2650 demandatamque
1256 2568 1511 2631 interim
1573 2565 1723 2649 sibi,
1793 2567 2161 2651 nuptiarum
2235 2568 2444 2652 specie
2502 2568 2744 2650 recepit
2803 2587 2921 2631 nec
2951 2590 3004 2630 20

624 2674 983 2756 corrupisse
1059 2677 1399 2737 contentus
1471 2674 1628 2737 adeo
1705 2673 1957 2755 dilexit,
2030 2678 2102 2737 ut
2177 2697 2255 2738 ne
2331 2672 2595 2745 riualem
2663 2672 2917 2756 quidem

554 2797 585 2842 2
624 2778 946 2842 Neronem
988 2802 1191 2863 aequo
1222 2781 1443 2844 tulerit
1471 2781 1702 2844 animo.
1781 2782 2063 2844 creditur
2101 2786 2270 2845 certe
2308 2803 2436 2845 non
2469 2780 2659 2844 modo
2689 2781 2919 2844 missos

625 2885 702 2947 ad
770 2887 1205 2951 arcessendam
1271 2910 1402 2952 non
1465 2889 1808 2972 recepisse,
1877 2887 1987 2951 sed
2047 2888 2258 2971 ipsum
2320 2889 2510 2952 etiam
2578 2887 2921 2951 exclusisse

627 2991 946 3074 quondam
986 3016 1104 3075 pro
1151 2994 1401 3059 foribus
1440 2999 1753 3059 astantem
1793 2995 2292 3078 miscentemque
2331 2995 2568 3058 frustra
2604 2995 2809 3058 minas
2860 2998 2922 3056 et

623 3120 842 3182 preces
892 3121 964 3162 ac
1010 3099 1370 3184 depositum
1417 3106 1872 3183 reposcentem.
1959 3123 2151 3183 quare
2200 3100 2460 3164 diducto
2508 3101 2918 3164 matrimonio
2950 3122 3003 3162 25

627 3207 944 3288 sepositus
1002 3211 1098 3270 est
1151 3229 1266 3290 per
1313 3229 1568 3271 causam
1624 3208 1966 3292 legationis
2029 3208 2094 3270 in
2142 3208 2559 3271 Lusitaniam.
2653 3212 2716 3271 et
2764 3208 2920 3269 satis

628 3314 857 3394 uisum,
905 3335 984 3375 ne
1021 3335 1227 3396 poena
1273 3316 1478 3379 acrior
1514 3315 1780 3378 mimum
1823 3336 2075 3378 omnem
2117 3314 2498 3400 diuulgaret,
2548 3314 2657 3396 qui
2708 3318 2921 3376 tamen

626 3418 719 3481 sic
765 3440 1021 3502 quoque
1068 3418 1189 3482 hoc
1235 3420 1508 3482 disticho
1557 3420 1790 3501 <FPR
1816 3443 1880 3502 p.
1920 3421 2090 3503 370>
2137 3420 2408 3484 enotuit:

769 3653 801 3697 4
841 3648 994 3716 Epic.
1031 3652 1077 3713 7,
1109 3654 1139 3700 1
1193 3647 1316 3701 uita
1362 3648 1512 3701 omni
1559 3649 1768 3717 turpis,
1819 3648 2060 3706 maxime
2113 3647 2497 3702 adulescentia
2547 3645 2811 3715 (maxime
2860 3646 2922 3698 in

627 3726 1008 3781 adolescentia
1056 3728 1209 3780 omni
1254 3730 1436 3798 turpis
1476 3730 1765 3797 Landolf.)
1994 3735 2059 3781 10
2098 3730 2332 3797 Eutrop.
2374 3729 2499 3781 VII
2519 3732 2608 3793 17,
2635 3731 2673 3780 2
2709 3727 2772 3779 in
2807 3727 2921 3794 pri-

625 3807 764 3859 uata
800 3808 921 3859 uita
957 3806 1143 3860 mollis
1182 3810 1239 3860 et
1266 3806 1504 3861 Neronis
1541 3809 1855 3863 familiaris.
1942 3811 2124 3863 Victor
2164 3811 2311 3864 Caes,
2346 3813 2396 3874 7,
2427 3814 2457 3861 1
2497 3806 2708 3861 Neroni
2745 3824 2922 3875 quon-

628 3887 759 3939 dam
796 3886 1092 3941 criminose
1128 3887 1445 3943 familiaris.

772 4109 799 4156 1
842 4118 1012 4169 quam
1049 4102 1282 4155 uixdum
1337 4103 1617 4172 (quamuis
1676 4104 1808 4157 dum
1848 4104 1973 4172 LP)
2015 4104 2207 4170 MGX,
2266 4102 2523 4172 quamuis
2569 4102 2819 4154 nondum
2850 4100 2922 4165 R,

628 4197 797 4249 quam
833 4183 1085 4235 nondum
1112 4183 1222 4253 HQ
1394 4189 1421 4235 7
1461 4182 1838 4252 potulentium
1872 4184 1933 4253 Q,
1971 4184 2326 4252 petulentum
2356 4184 2502 4248 L¹P,
2541 4181 2923 4250 petulantium

628 4261 727 4327 11¹,
764 4261 1137 4317 temulentum
1171 4265 1441 4318 Graevius
1562 4268 1593 4315 9
1633 4264 1910 4317 coleretur
1939 4266 2189 4331 Kraffert
2311 4270 2377 4318 13
2408 4262 2567 4335 (de)
2595 4261 2921 4331 repetundis

641 4339 873 4393 Ursinus
909 4343 988 4409 (Ο.
1012 4343 1081 4396 F.
1116 4344 1197 4397 W.
1231 4345 1459 4414 Maller)
1599 4350 1664 4398 15
1705 4344 1981 4398 dubitarit
2008 4345 2316 4400 Salmasius
2462 4349 2525 4397 17
2567 4341 2718 4397 diem
2750 4343 2924 4395 MPO

630 4433 762 4470 mon
789 4417 860 4486 L)
1057 4428 1120 4476 19
1159 4439 1439 4492 poppeam
1477 4423 1670 4492 (-eiam
1697 4423 1848 4494 DQ)
1892 4424 2215 4494 GL¹SQR².
2254 4439 2552 4494 pompeam
2585 4426 2728 4489 MH,
2765 4438 2921 4490 pom—

630 4497 816 4563 peiam
848 4499 1121 4556 R¹L²PT
1287 4509 1353 4556 25
1393 4504 1634 4558 deducto
1664 4509 1724 4557 X
1896 4510 1963 4557 26
2004 4505 2084 4576 et]
2123 4505 2183 4558 id
2222 4505 2339 4559 edd.
2371 4510 2498 4574 post
2536 4504 2923 4558 Gasaubonum
