3325 5209
1178 383 1233 439 C.
1275 383 1635 439 CALIGVLA
1676 397 1806 444 [off.
1838 397 2013 445 35—38]
2625 387 2753 450 185

448 549 744 614 conuiuis
792 571 870 613 ex
919 570 1073 613 auro
1121 569 1318 631 panes
1366 552 1431 611 et
1476 547 1747 612 obsonia
1784 553 2150 633 apponeret,
2197 554 2325 614 aut
2370 550 2577 635 frugi
2623 549 2755 613 ho-

446 655 723 719 minem
782 675 946 718 esse
1002 658 1363 737 oportere
1422 654 1727 719 dictitans
1783 659 1913 719 aut
1972 653 2380 720 Caesarem.
2475 656 2633 739 quin
2689 661 2754 720 et

447 783 745 826 nummos
804 783 937 826 non
1001 759 1340 825 mediocris
1414 782 1702 824 summae
1765 783 1799 825 e
1862 761 2125 847 fastigio
2188 763 2488 826 basilicae
2552 760 2754 827 Iuliae

448 891 562 952 per
609 869 858 952 aliquot
917 869 1049 933 dies
1097 868 1331 951 sparsit
1386 869 1452 932 in
1498 867 1770 952 plebem.
1852 868 2198 932 fabricauit
2253 873 2318 932 et
2365 870 2603 934 deceris
2657 870 2753 933 Li·
2792 886 2827 932 2

398 998 422 1038 5
452 976 750 1039 burnicas
790 975 1131 1060 gemmatis
1168 974 1515 1059 puppibus,
1551 974 2054 1039 uersicoloribus
2092 975 2274 1058 uelis,
2313 998 2548 1061 magna
2585 977 2753 1040 ther-

424 1105 700 1146 -marum
747 1086 812 1145 et
856 1082 1225 1166 porticuum
1274 1086 1338 1144 et
1384 1081 1815 1146 tricliniorum
1853 1081 2122 1146 laxitate
2159 1103 2521 1166 magnaque
2560 1085 2753 1147 etiam

450 1190 685 1252 uitium
734 1192 799 1251 et
844 1188 1306 1272 pomiferarum
1356 1188 1654 1252 arborum
1693 1188 2030 1272 uarietate3
2079 1188 2313 1271 quibus
2352 1189 2754 1254 discumbens

453 1296 528 1358 de
589 1295 691 1358 die
752 1295 920 1359 inter
979 1295 1207 1360 choros
1276 1315 1351 1358 ac
1411 1279 1829 1378 symphonias
1889 1295 2083 1360 litora
2140 1293 2522 1378 Campaniae
2580 1318 2756 1380 pera-

453 1406 682 1487 graret.
767 1404 834 1465 in
891 1401 1401 1487 extructionibus
1456 1403 1925 1484 praetoriorum
1983 1406 2176 1485 atque
2230 1402 2531 1466 uillarum
2579 1404 2755 1467 omni

374 1532 425 1573 ιο
452 1511 702 1573 ratione
747 1504 1118 1592 posthabita
1155 1507 1321 1571 nihil
1357 1511 1490 1571 tam
1529 1508 1783 1573 efficere
1823 1509 2314 1593 concupiscebat
2353 1532 2545 1592 quam
2584 1510 2757 1592 quod
2805 1533 2810 1539 ·

453 1637 642 1700 posse
690 1616 858 1679 effici
906 1619 1263 1699 negaretur.
1347 1619 1414 1679 et
1459 1617 1659 1678 iactae
1707 1617 1925 1698 itaque
1973 1615 2175 1680 moles
2223 1617 2457 1681 infesto
2502 1638 2576 1680 ac
2613 1639 2757 1700 pro·
2797 1630 2831 1677 3

452 1722 654 1786 fundo
702 1723 865 1785 mari
922 1726 984 1784 et
1039 1722 1286 1784 excisae
1345 1742 1536 1804 rupes
1586 1721 1911 1786 durissimi
1959 1722 2156 1786 silicis
2204 1728 2269 1786 et
2325 1724 2534 1807 campi
2579 1745 2759 1786 mon-

454 1829 628 1892 tibus
686 1849 918 1913 aggere
973 1827 1227 1910 aequati
1282 1832 1346 1890 et
1402 1828 1806 1910 complanata
1870 1828 2139 1892 fossuris
2204 1831 2522 1893 montium
2590 1831 2758 1914 iuga,

456 1933 820 1998 incredibili
858 1933 1116 2016 quidem
1155 1934 1496 2016 celeritate,
1543 1955 1690 1997 cum
1728 1956 1946 1998 morae
1986 1935 2174 2018 culpa
2214 1937 2421 2018 capite
2458 1935 2759 1999 lueretur.

379 2062 430 2102 15
460 2064 534 2106 ac
580 2062 661 2103 ne
709 2039 963 2126 singula
999 2062 1385 2122 enumerem,
1431 2041 1773 2104 immensas
1813 2062 1967 2124 opes
2005 2045 2343 2124 totumque
2382 2041 2543 2105 illud
2582 2042 2760 2124 T<i>.

460 2147 746 2212 Caesaris
792 2148 992 2210 uicies
1040 2170 1114 2211 ac
1161 2148 1397 2230 septies
1443 2147 1652 2211 milies
1702 2149 2076 2212 sestertium
2112 2171 2243 2212 non
2290 2152 2431 2212 toto
2470 2153 2761 2211 uertente

458 2259 625 2319 anno
673 2254 1051 2337 absumpsit.

635 2361 1011 2424 Exhaustus
1067 2361 1269 2447 igitur
1324 2364 1517 2444 atque
1574 2382 1766 2445 egens
1824 2361 1906 2424 ad
1958 2363 2217 2445 rapinas
2264 2363 2584 2425 conuertit
2632 2356 2870 2425 ani-38

459 2491 635 2532 mum
689 2470 873 2533 uario
931 2472 995 2531 et
1058 2468 1564 2550 exquisitissimo
1623 2468 2088 2532 calumniarum
2148 2473 2212 2532 et
2269 2470 2642 2533 auctionum
2702 2474 2763 2532 et

382 2596 433 2636 so
462 2575 878 2661 uectigalium
924 2595 1173 2661 genere.
1265 2574 1545 2660 negabat
1599 2574 1739 2639 iure
1795 2576 2126 2638 ciuitatem
2181 2574 2538 2640 Romanam
2585 2598 2764 2638 usur-

461 2704 615 2766 pare
663 2704 788 2764 e08,
837 2704 1110 2764 quorum
1157 2682 1431 2745 maiores
1488 2681 1614 2745 sibi
1659 2682 2063 2765 posterisque
2110 2704 2249 2746 eam
2299 2684 2764 2766 impetrassent,

464 2789 589 2853 nisi
654 2790 708 2852 si
771 2788 894 2851 filii
957 2791 1194 2873 essent,
1252 2810 1461 2871 neque
1526 2787 1697 2854 enim
1762 2787 2055 2872 intellegi
2119 2788 2347 2854 debere
2410 2795 2764 2873 posteros

463 2895 651 2957 ultra*
678 2894 851 2957 hunc
903 2894 1200 2980 gradum3
1255 2894 1635 2977 prolataque
1680 2894 1996 2959 Diuorum
2051 2893 2178 2959 Iuli
2234 2900 2299 2958 et
2343 2893 2629 2981 Augusti
2675 2896 2765 2958 di-

465 3002 751 3084 plomata
795 3005 870 3064 ut
914 3004 1133 3064 uetera
1167 3005 1233 3064 et
1280 3001 1569 3065 obsoleta
1608 3001 1899 3065 deflabat.
1983 3002 2292 3087 arguebat
2330 3005 2394 3066 et
2430 3023 2766 3086 perperam
2806 3014 2839 3060 2

386 3128 436 3166 εκ
468 3107 672 3171 editos
730 3128 983 3190 censuS,
1039 3107 1274 3190 quibus
1320 3111 1544 3190 postea
1591 3128 1991 3190 quacumque
2048 3108 2125 3170 de
2180 3129 2370 3171 causa
2425 3109 2767 3191 quicquam

467 3214 838 3281 incrementi
880 3214 1267 3278 accessisset.
1334 3217 1719 3278 testamenta
1756 3213 2271 3297 primipilarium,
2310 3216 2421 3296 qui
2458 3215 2539 3277 ab
2582 3215 2767 3278 initio

468 3322 686 3386 Tiberi
731 3322 1131 3405 principatus
1176 3342 1384 3403 neque
1430 3320 1616 3384 illum
1652 3342 1861 3402 neque
1901 3342 1967 3384 se
2003 3320 2299 3384 heredem
2337 3321 2769 3404 reliquissent,

467 3433 542 3493 ut
597 3430 851 3514 ingrata
904 3427 1192 3512 rescidit3
1249 3428 1403 3490 item
1463 3432 1816 3491 ceterorum
1874 3432 1947 3490 ut
2001 3428 2185 3490 irrita
2233 3433 2295 3491 et
2342 3450 2534 3511 uana,
2583 3449 2771 3510 quos-

470 3557 742 3618 cumque
802 3535 947 3617 quis
1002 3526 1250 3598 ⁴diceret
1314 3533 1546 3597 herede
1614 3532 1879 3598 Caesare
1943 3535 2111 3598 mori
2175 3533 2544 3599 destinasse.
2642 3557 2768 3617 quo

390 3661 444 3700 so
473 3646 645 3705 metu
706 3643 941 3706 iniecto
1006 3662 1152 3705 cum
1212 3641 1339 3704 iam
1401 3643 1465 3704 et
1526 3641 1605 3704 ab
1670 3640 1910 3725 ignotis
1974 3642 2142 3704 inter
2199 3641 2549 3704 familiares
2610 3645 2674 3704 et
2735 3664 2773 3703 a

616 3875 648 3921 4
687 3870 755 3922 de
794 3870 975 3923 cedris
1010 3869 1213 3934 YL²N‚
1254 3870 1324 3922 de
1363 3868 1562 3922 ceteris
1597 3869 1658 3935 T,
1700 3869 1893 3922 decem
1925 3868 1992 3922 δ’
2118 3876 2150 3923 8
2188 3869 2353 3923 horos
2386 3870 2542 3939 11¹9,
2580 3870 2773 3922 hortos

479 3950 614 4003 H²R
792 3948 1154 4025 symphonias
1197 3950 1469 4007 G-SNLssq
1517 3952 1671 4017 (num
1719 3956 1855 4002 recte
1902 3949 2119 4003 dubitat
2170 3951 2335 4015 Oud,
2364 3951 2432 4015 cf.
2477 3951 2769 4017 Capitolin.

489 4030 658 4083 Verus
678 4034 727 4094 6,
749 4032 822 4096 9),
843 4029 1105 4098 symphro
1130 4029 1351 4096 ML1P,
1372 4029 1617 4098 simphro
1647 4032 1707 4095 Τ,
1730 4029 1938 4096 simpro
1967 4031 2017 4082 Τ
2121 4035 2187 4082 10
2216 4032 2334 4083 tam
2356 4031 2500 4094 MR,
2527 4032 2718 4082 tamen
2738 4033 2774 4083 δ

481 4114 546 4161 15
575 4125 859 4161 numerem
885 4112 943 4161 X
1062 4109 1191 4164 Τ..Ω
1229 4110 1348 4179 (Ty.
1381 4109 1462 4175 S2,
1499 4108 1693 4162 tiberii
1727 4110 1877 4178 GP),
1916 4126 2051 4164 corr.
2082 4112 2230 4164 Roth
2361 4116 2426 4162 22
2467 4110 2578 4162 nisi
2608 4110 2654 4162 si
2687 4113 2774 4177 M,

478 4188 588 4240 nisi
615 4190 707 4241 rel.
846 4194 914 4241 24
940 4189 1028 4259 ut]
1068 4191 1125 4242 et
1154 4191 1226 4255 R,
1262 4192 1327 4242 ut
1365 4193 1422 4243 et
1449 4190 1601 4243 LPS
1743 4190 1992 4243 deflabat
2028 4207 2163 4245 corr.
2194 4192 2257 4242 in
2294 4189 2552 4243 defiaebat
2590 4193 2646 4258 (i.
2679 4191 2774 4244 de-

478 4268 669 4337 flebat)
701 4270 788 4333 M,
826 4267 1070 4321 deflebat
1099 4268 1286 4337 (defie-
1313 4271 1383 4339 T)
1414 4272 1471 4321 X
1472 4272 1533 4335 Τ,
1572 4268 1802 4322 delebat
1834 4270 1902 4335 G,
1942 4269 2189 4322 deflabat
2226 4271 2313 4323 uel
2342 4269 2602 4324 difflabat
2636 4272 2774 4338 Lip-

477 4350 618 4414 sius,
670 4347 934 4401 eleuabat
975 4349 1270 4414 Heinsius,
1318 4348 1614 4402 deridebat
1656 4350 1889 4404 Ernesti
1933 4351 2109 4404 Polak
2325 4350 2404 4420 et]
2441 4352 2507 4402 ut
2544 4353 2776 4419 Bentley

479 4435 545 4481 25
585 4428 726 4482 editi
767 4429 997 4483 Casaub.
1146 4433 1213 4481 28
1252 4431 1317 4482 ut
1362 4432 1603 4498 gygrata
1645 4430 1697 4483 G
1843 4435 1910 4482 30
1948 4430 2157 4483 inlecto
2198 4430 2303 4499 (ill-
2325 4431 2389 4497 S,
2427 4429 2525 4483 ille
2555 4433 2632 4498 P)
2656 4433 2783 4484 MX

480 4512 633 4579 (corr.
666 4508 783 4578 L2),
821 4508 983 4562 illato
1022 4510 1090 4562 N
