3325 5209
1349 2313 1689 2378 DIVVS
1749 2313 2071 2378 TITVS

489 2493 526 2560 l
754 2494 968 2569 Titus,
1029 2495 1411 2578 cognomine
1458 2497 1756 2577 paterno,
1807 2515 1986 2557 amor
2032 2515 2106 2556 ac
2153 2493 2416 2556 deliciae
2463 2495 2713 2578 generis
2759 2493 2875 2557 hu-

580 2602 752 2666 mani
814 2639 896 2646 ·-
959 2605 1210 2664 tantum
1273 2600 1371 2663 illi
1431 2600 1508 2662 ad
1574 2600 2058 2682 promerendam
2122 2601 2410 2664 omnium
2471 2600 2872 2664 uoluntatem

579 2709 685 2772 uel
731 2708 975 2793 ingenii
1021 2708 1128 2771 uel
1174 2709 1327 2771 artis
1375 2709 1481 2771 uel
1516 2706 1813 2771 fortunae
1852 2707 2187 2791 superfuit,
2233 2711 2314 2789 et,
2364 2707 2536 2790 quod
2574 2707 2874 2771 difficilli-

580 2839 758 2879 mum
806 2819 921 2899 est,
966 2815 1036 2877 in
1080 2815 1371 2899 imperi0‚
1419 2814 1674 2897 quando
1722 2816 2013 2897 priuatus
2062 2817 2253 2896 atque
2304 2815 2496 2878 etiam
2537 2813 2656 2878 sub
2695 2818 2876 2896 patre

580 2922 869 3008 principe
898 2944 978 2985 ne
1009 2921 1158 2985 odio
1190 2921 1468 3004 quidem,
1494 2921 1731 2984 nedum
1762 2922 2238 3004 uituperatione
2266 2922 2526 3006 publica
2555 2922 2760 2986 caruit
2788 2959 2876 2967 —
2931 2947 2955 2986 5

578 3035 768 3094 natus
816 3033 913 3094 est
956 3027 1072 3092 III.
1103 3029 1245 3092 Kal.
1283 3026 1414 3091 Ian.
1455 3027 1696 3112 insigni
1732 3050 1899 3092 anno
1942 3026 2184 3092 Gaiana
2220 3050 2392 3113 nece,
2430 3051 2631 3113 prope
2672 3027 2875 3112 Septi-

578 3137 836 3201 zonium
885 3136 1159 3201 sordidis
1207 3138 1493 3215 aedibus,
1554 3138 1847 3201 cubiculo
1905 3159 2059 3200 uero
2106 3158 2424 3219 perparuo
2474 3139 2539 3199 et
2585 3136 2876 3218 obscum,

726 3310 752 3356 1
794 3305 1030 3373 Eutrop.
1064 3304 1187 3357 VII
1214 3308 1304 3368 21,
1334 3309 1364 3356 1
1408 3304 1540 3356 huic
1578 3302 1740 3356 Titus
1779 3302 1926 3356 filius
1966 3303 2250 3371 successit,
2289 3303 2386 3370 qui
2425 3305 2483 3357 et
2518 3303 2641 3372 ipse
2665 3301 2877 3371 Vespa-

580 3385 772 3437 sianus
812 3386 897 3436 est
937 3383 1138 3449 dictuS,
1176 3383 1265 3436 uir
1303 3384 1552 3436 omnium
1588 3383 1868 3436 uirtutum
1896 3399 2098 3453 genere
2126 3382 2404 3436 mirabilis
2433 3384 2592 3450 ade0,
2628 3385 2695 3436 ut
2723 3399 2878 3436 amor

580 3468 637 3518 et
676 3463 915 3517 deliciae
951 3464 1184 3516 humani
1222 3464 1442 3534 generis
1482 3464 1764 3517 diceretur
1801 3463 1956 3532 (ἔρως
1983 3482 2042 3517 τε
2078 3463 2175 3516 καὶ
2202 3463 2386 3531 τρυφὴ
2424 3471 2522 3516 τοῦ
2553 3467 2770 3532 θνητοῦ

580 3542 779 3614 γένους
819 3544 1051 3612 Capito).
1121 3545 1303 3598 Victor
1339 3544 1485 3599 Caes.
1519 3549 1604 3610 10,
1634 3549 1670 3598 6
1706 3544 1926 3612 generis
1964 3543 2197 3596 humani
2238 3542 2469 3596 delicias
2509 3544 2876 3612 appellantes.

581 3625 738 3693 Epit.
770 3629 858 3689 10,
880 3629 909 3676 1
952 3623 1112 3676 Titus
1149 3623 1428 3676 uocabulo
1467 3625 1645 3692 patris
1687 3625 1856 3677 etiam
1898 3624 2278 3692 Vespasianus
2318 3623 2519 3677 dictus.
2596 3629 2683 3689 10,
2712 3629 2747 3678 6
2784 3624 2871 3676 de·

579 3703 746 3756 liciae
794 3705 964 3771 atque
1014 3720 1170 3756 amor
1214 3704 1446 3757 humani
1485 3703 1723 3772 generis.
1801 3711 1890 3770 10,
1919 3709 1991 3757 16
2038 3721 2165 3757 eum
2203 3703 2437 3757 delicias
2483 3703 2768 3772 publicas,
2814 3706 2880 3757 ut

583 3784 851 3850 diximus,
910 3782 1279 3852 appellantes,
1373 3786 1584 3856 Arason,
1623 3789 1752 3850 259,
1784 3791 1848 3839 11
1907 3784 2068 3837 Titus
2126 3785 2275 3837 orbis
2335 3800 2493 3838 amor
2547 3786 2695 3852 (271,
2722 3787 2796 3854 2).

580 3870 612 3916 2
635 3881 755 3933 sqq.
806 3864 989 3918 Victor
1039 3864 1185 3918 Gaea
1226 3870 1314 3930 10,
1347 3871 1376 3917 1
1432 3864 1593 3917 Titus
1645 3867 1948 3933 postquam
1995 3865 2290 3933 imperium
2342 3866 2580 3933 adeptus
2629 3867 2739 3931 est,
2795 3865 2878 3917 in-

580 3943 852 3998 credibile
893 3946 1184 4010 quantum,
1226 3961 1392 4011 quem
1430 3945 1788 4010 imitabatur,
1828 3945 2118 4012 anteierit,
2155 3946 2490 4013 praesertim
2525 3944 2733 3998 litteris
2772 3945 2879 3998 cle-

579 4024 905 4092 mentiaque
944 4039 1010 4077 ac
1049 4025 1391 4078 muneribus.
1467 4026 1620 4092 Epit.
1666 4031 1751 4091 10,
1782 4029 1815 4078 3
1870 4024 1969 4077 ubi
2008 4026 2228 4093 patriae
2266 4043 2457 4078 curam
2496 4025 2758 4093 suscepit,
2796 4025 2878 4077 in-

581 4104 852 4158 credibile
883 4106 985 4170 est,
1015 4107 1306 4172 quantum,
1338 4121 1503 4172 quem
1532 4105 1880 4172 imitabatur,
1920 4105 2202 4170 anteierit,
2231 4105 2535 4173 praecipue
2566 4103 2880 4173 clementia,

581 4185 954 4252 liberalitate,
1012 4184 1438 4238 honorificentia
1485 4201 1550 4238 ac
1596 4185 1872 4254 pecuniae
1919 4186 2268 4253 contemptu,
2326 4201 2470 4252 quae
2527 4201 2591 4238 eo
2639 4184 2880 4254 amplius

582 4269 748 4335 grata
785 4264 959 4331 fuere,
999 4265 1151 4333 quod
1189 4281 1255 4317 ex
1295 4265 1578 4319 nonnullis
1611 4282 1644 4317 a
1674 4266 1900 4334 priuato
1933 4265 2119 4320 adhuc
2147 4265 2406 4334 patratis,
2447 4265 2696 4333 asperior
2723 4264 2883 4318 luxu-

583 4346 813 4412 riaeque
860 4347 919 4398 et
964 4346 1238 4399 auaritiae
1289 4362 1482 4399 amans
1537 4345 1870 4399 credebatur
1908 4345 2026 4398 fore
2065 4347 2299 4415 (partim
2343 4353 2588 4415 spectant
2624 4346 2700 4399 ad
2737 4346 2880 4401 Suet.

584 4443 702 4493 cap.
736 4430 783 4479 6.
819 4429 889 4494 7).

731 4572 762 4619 3
800 4567 1083 4638 fortunae]
1120 4571 1358 4622 naturae
1388 4570 1638 4629 ΡΟΤΝς
1847 4575 1877 4621 5
1917 4568 2157 4622 necdum
2187 4571 2298 4624 HR
2500 4575 2530 4621 6
2567 4568 2670 4622 IIII
2701 4571 2786 4634 M,
2825 4575 2886 4622 at

587 4650 784 4701 ultima
819 4649 978 4702 hasta
1016 4656 1287 4717 expuncta
1429 4650 1589 4719 nece]
1630 4650 1764 4721 cede
1800 4649 1850 4703 G
