3325 5209
587 432 718 496 262
1292 429 1350 486 C.
1389 430 1706 486 SVETONI
1740 430 2186 497 TRANQVILLI

589 597 660 659 in
706 594 1082 660 defectionis
1130 595 1320 659 duces
1366 579 1650 658 carmina
1686 594 2052 679 lasciueque
2090 594 2436 679 modulata,
2483 617 2645 678 quae
2682 593 2883 679 uulgo

588 706 959 785 notuerunt,
1006 702 1200 766 etiam
1246 700 1668 788 gesticulatus
1716 705 1840 787 est3
1888 722 1961 767 ac
2007 701 2389 786 spectaculis
2435 700 2673 766 theatri
2717 700 2884 766 clam

592 807 830 872 inlatus
879 808 1132 872 cuidam
1179 808 1467 873 scaenico
1515 808 1797 892 placenti
1856 809 2157 873 nuntium
2204 808 2385 873 misit
2444 808 2660 872 abuti
2719 829 2883 872 eum

590 915 1235 999 occupationibus
1285 915 1461 979 suis.

481 1017 575 1085 43
765 1019 962 1086 Initio
1011 1022 1233 1087 statim
1278 1021 1598 1085 tumultus
1644 1021 1852 1086 multa
1897 1026 1959 1086 et
2002 1021 2302 1104 inmania,
2349 1043 2573 1086 uerum
2610 1041 2742 1085 non
2778 1019 2885 1084 ab·
2944 1045 2971 1084 5

589 1128 921 1192 horrentia
975 1152 1013 1192 a
1065 1132 1298 1193 natura
1353 1150 1470 1192 sua
1523 1128 1806 1192 creditur
1861 1129 2238 1193 destinasse:
2295 1149 2689 1192 successores
2746 1148 2885 1210 per-

591 1256 1010 1317 cussoresque
1071 1235 1474 1299 summittere
1544 1235 1860 1300 exercitus
1926 1239 1991 1299 et
2054 1235 2420 1318 prouincias
2494 1233 2886 1319 regentibuS,

593 1342 776 1425 quasi
842 1341 1227 1426 conspiratis
1293 1342 1589 1424 idemque
1655 1346 1719 1406 et
1784 1364 1984 1405 unum
2050 1341 2508 1425 sentientibus3
2575 1340 2887 1423 quidquid

587 1447 828 1531 ubique
874 1448 1162 1531 exulum,
1210 1448 1521 1532 quidquid
1567 1448 1637 1512 in
1681 1448 1840 1513 urbe
1886 1447 2223 1512 hominum
2271 1446 2747 1513 Gallicanorum
2792 1468 2887 1509 es-

590 1559 688 1619 set
743 1555 1210 1620 contrucidaret
1271 1556 1419 1619 illos
1472 1577 1554 1618 ne
1609 1554 2109 1620 desciscentibus
2176 1554 2703 1639 adgregarentur,
2765 1554 2888 1617 hos
2918 1577 2973 1616 10

591 1666 665 1725 ut
712 1663 1001 1726 conscios
1047 1661 1457 1745 popularium
1505 1684 1770 1726 suorum
1817 1666 2011 1746 atque
2055 1661 2366 1746 fautores3
2424 1659 2667 1726 Gallias
2714 1683 2886 1724 exer-

593 1768 828 1833 citibus
868 1768 1254 1852 diripiendas
1292 1769 1693 1854 permittere3
1742 1773 2034 1833 senatum
2076 1769 2450 1832 uniuersum
2487 1789 2735 1831 ueneno
2774 1787 2888 1850 per

593 1875 894 1940 conuiuia
936 1897 1190 1961 necare3
1237 1876 1463 1940 urbem
1509 1876 1847 1940 incendere
1892 1874 2046 1940 feris
2093 1876 2163 1939 in
2207 1874 2521 1959 populum
2562 1874 2887 1956 immissiS,

457 2025 462 2031 -
517 1996 550 2044 2
593 2002 719 2063 quo
741 1982 1070 2047 difficilius
1091 1982 1597 2047 defenderentur.
1662 1983 1774 2046 sed
1793 1982 2172 2046 absterritus
2191 2004 2325 2046 non
2342 1986 2476 2046 tam
2496 1981 2888 2065 paenitentia

593 2109 786 2170 quam
815 2089 1186 2172 perficiendi
1214 2089 1656 2173 desperatione
1686 2088 2074 2172 credensque
2102 2089 2576 2172 expeditionem
2603 2108 2889 2151 necessa·
2919 2110 2972 2150 15

589 2196 772 2279 riam,
819 2196 1113 2260 consules
1143 2200 1292 2260 ante
1321 2201 1575 2279 tempus
1613 2195 1900 2279 priuauit
1936 2196 2181 2260 honore
2220 2200 2411 2277 atque
2449 2196 2518 2258 in
2554 2195 2890 2277 utriusque
2988 2208 3009 2226 ·

592 2300 806 2365 locum
837 2302 1013 2367 solus
1043 2304 1190 2367 iniit
1220 2302 1643 2387 consulatum,
1673 2304 1857 2386 quasi
1884 2301 2080 2366 fatale
2101 2307 2270 2366 esset
2285 2322 2420 2366 non
2437 2323 2627 2385 posse
2649 2299 2891 2364 Gallias

596 2407 902 2473 debellari
939 2410 1068 2473 nisi
1105 2432 1144 2473 a
1181 2410 1457 2474 consule.
1541 2431 1615 2473 ac
1653 2411 1966 2493 susceptis
2004 2410 2284 2473 fascibus
2319 2432 2465 2473 cum
2492 2412 2641 2491 post
2670 2406 2890 2490 epulas

592 2515 875 2580 triclinio
924 2517 1380 2600 digrederetur,
1445 2516 1704 2580 innixus
1760 2516 2000 2579 umeris
2056 2516 2468 2579 familiarium
2524 2515 2892 2600 affirmauit,

590 2621 819 2685 simul
885 2645 969 2688 ac
1014 2623 1339 2706 primum
1385 2623 1864 2706 prouinciam
1912 2623 2342 2708 attigisset,
2407 2624 2767 2685 inermem
2816 2642 2975 2685 seso

590 2730 670 2793 in
716 2734 1209 2813 conspectum
1258 2730 1730 2793 exercituum
1776 2731 2264 2813 proditurum
2309 2751 2443 2793 nec
2486 2728 2892 2811 quicquam

589 2835 802 2899 aliud
851 2858 1070 2919 quam
1130 2836 1529 2921 fleturum,
1595 2839 2136 2919 reuocatisque
2193 2837 2280 2900 ad
2335 2836 2892 2919 paenitentiam

591 2942 1119 3007 defectoribus
1157 2944 1602 3027 insequenti
1639 2944 1761 3007 die
1796 2943 2081 3007 laetum
2119 2944 2324 3007 inter
2361 2943 2608 3006 laetos
2639 2945 2893 3006 canta-

591 3053 846 3113 turum
876 3050 1240 3135 epinicia,
1278 3073 1466 3134 quae
1503 3051 1647 3114 iam
1678 3070 1875 3114 nunc
1904 3050 2055 3114 sibi
2085 3049 2437 3133 componi
2478 3052 2892 3132 oporteret.

486 3149 585 3217 44
778 3155 855 3221 In
909 3159 1347 3241 praeparanda
1401 3157 1808 3241 expeditione
1864 3158 2138 3241 primam
2196 3179 2414 3221 curam
2468 3156 2697 3220 habuit
2744 3155 2895 3219 deli·
2924 3175 2976 3214 25

595 3264 786 3348 gendi
814 3265 1114 3329 uehicula
1149 3264 1481 3349 portandis
1521 3265 1829 3329 scaenicis
1871 3265 2128 3350 organis
2164 3264 2698 3347 concubinasque,
2737 3284 2894 3346 quas

595 3392 810 3434 secum
857 3372 1172 3456 educeret,
1215 3372 1526 3437 tondendi
1572 3372 1653 3435 ad
1699 3371 1952 3435 uirilem
1990 3371 2255 3435 modum
2292 3375 2358 3435 et
2396 3370 2725 3434 securibus
2763 3368 2895 3452 pel-

594 3479 806 3560 tisque
852 3476 1260 3543 Amazonicis
1306 3478 1683 3543 instruendi.
1773 3500 1926 3542 mox
1970 3478 2178 3541 tribus
2224 3478 2501 3541 urbanas
2557 3478 2635 3540 ad
2693 3497 2896 3540 sacra-

596 3588 887 3648 mentum
935 3586 1162 3649 citauit
1208 3608 1281 3650 ac
1325 3585 1509 3650 nullo
1556 3586 1789 3649 idoneo
1845 3585 2273 3667 respondente
2326 3588 2570 3648 certum
2620 3584 2896 3647 dominis

526 3758 530 3763 ,
599 3712 933 3754 seruorum
977 3713 1317 3756 numerum
1363 3692 1625 3776 indixit3
1673 3714 1789 3755 nec
1835 3692 1960 3755 nisi
2008 3713 2084 3755 ex
2125 3696 2264 3755 tota
2303 3693 2611 3774 cuiusque
2649 3689 2897 3753 familia
2925 3708 2979 3747 so

595 3798 1109 3882 probatissimOS,
1168 3821 1248 3863 ne
1310 3799 1861 3882 dispensatoribus
1910 3798 2170 3882 quidem
2227 3803 2338 3863 aut
2399 3795 2896 3861 amanuensibus

740 3989 805 4037 12
858 3984 1041 4038 Victor
1080 3984 1228 4038 Gaea
1261 3987 1313 4051 5,
1334 3987 1402 4037 14
1447 3982 1647 4037 urbem
1692 3982 1981 4049 incendio,
2029 3981 2254 4051 plebem
2299 3981 2434 4034 feris
2481 3979 2655 4049 uulgo
2692 3979 2897 4045 missis,

598 4067 858 4118 senatum
892 4063 1019 4132 pari
1056 4065 1236 4117 morte
1282 4062 1481 4117 tollere
1519 4063 1863 4116 decreuerat.
1922 4063 1992 4129 cf.
2028 4062 2178 4117 Oros.
2211 4062 2335 4116 VII
2357 4066 2409 4127 7,
2430 4065 2500 4114 13
2538 4076 2776 4128 cumque
2813 4059 2896 4112 in-
2932 4125 2944 4133 ·

598 4144 896 4198 credibilia
931 4144 1367 4212 perturbandae,
1402 4143 1573 4196 immo
1612 4143 1968 4196 subruendae
2005 4142 2087 4195 rei
2118 4141 2382 4211 publicae
2407 4139 2562 4194 mala
2587 4139 2905 4194 moliretur.

740 4328 769 4374 2
794 4322 1159 4375 innotuerunt
1179 4324 1240 4374 H
1241 4321 1288 4392 Q
1434 4327 1499 4374 10
1517 4338 1622 4375 nec
1644 4324 1720 4376 M
1862 4327 1929 4374 14
1950 4320 2346 4375 defenderetur
2370 4322 2418 4372 Τ
2442 4322 2524 4390 (at
2540 4321 2601 4372 in
2623 4319 2679 4374 R
2696 4336 2902 4373 rasura

595 4417 769 4469 supra
797 4408 1052 4470 quartam
1081 4407 1131 4468 e)
1277 4401 1611 4456 absterritus
1642 4404 1730 4455 est
1762 4401 1813 4455 G
1955 4406 2021 4456 18
2053 4401 2108 4472 a]
2141 4416 2174 4453 a
2204 4416 2263 4454 se
2294 4417 2326 4459 ς
2355 4407 2405 4454 et
2432 4399 2551 4454 edd.
2582 4401 2903 4455 recentiores

599 4485 665 4533 19
697 4480 1034 4535 famulorum
1062 4484 1177 4537 HR
1313 4487 1377 4535 21
1410 4482 1536 4553 nec]
1567 4498 1638 4536 ne
1668 4485 1727 4534 X
1854 4486 1921 4534 22
1952 4497 2123 4549 quam
2152 4498 2254 4535 om.
2284 4482 2359 4535 M
2480 4486 2551 4534 24
2581 4482 2903 4549 oporterent

568 4566 572 4569 ’
604 4561 727 4627 Mo,
766 4563 1063 4630 oporteret.
1102 4563 1179 4616 At
1215 4563 1449 4632 Bentley
1611 4567 1679 4615 29
1718 4562 1919 4615 idonee
1958 4562 2029 4628 R,
2067 4561 2195 4615 ideo
2236 4559 2370 4630 ΠὮ
2531 4560 2602 4613 de
2638 4559 2807 4613 minis
2851 4560 2902 4614 G
