3325 5209
1372 2254 2122 2323 DOMITIANVS'

507 2421 544 2486 1
756 2420 1164 2484 Domitianus
1209 2424 1398 2484 natus
1446 2425 1543 2484 est
1584 2418 1788 2482 VIIII.
1835 2414 1977 2482 Kal.
2017 2418 2333 2482 Nouemb.
2382 2425 2564 2503 patre
2613 2417 2874 2499 consule

439 2512 550 2553 ”⁶5¹
581 2526 915 2611 designato
972 2527 1344 2609 inituroque
1397 2549 1611 2591 mense
1669 2527 2032 2610 insequenti
2078 2526 2408 2608 honorem,
2462 2524 2723 2609 regione
2770 2546 2871 2588 ur-

578 2634 677 2698 bis
727 2637 908 2697 sexta
954 2634 1034 2697 ad
1068 2634 1311 2698 Malum
1349 2633 1683 2717 Punicum,
1730 2634 1921 2697 domo
1963 2655 2152 2716 quam
2192 2635 2415 2716 postea
2454 2632 2521 2694 in
2559 2631 2872 2714 templum

580 2741 789 2825 gentis
838 2739 1097 2804 Flauiae
1155 2742 1487 2805 conuertit.
1580 2741 1936 2824 pubertatis
1994 2762 2066 2802 ac
2113 2741 2360 2822 primae
2406 2737 2871 2802 adulescentiae

576 2850 831 2930 tempus
878 2851 1057 2911 tanta
1102 2848 1323 2931 inopia
1368 2851 1676 2930 tantaque
1724 2846 1987 2910 infamia
2032 2847 2303 2929 gessisse
2349 2846 2581 2928 fertur,
2626 2848 2698 2908 ut
2734 2844 2873 2909 nul-
2929 2863 2955 2902 5

581 2954 715 3018 lum
762 2958 1134 3039 argenteum
1182 2977 1297 3019 uas
1337 2957 1398 3017 in
1443 2976 1563 3018 usu
1599 2954 1879 3018 haberet.
1966 2954 2248 3036 satisque
2287 2956 2539 3016 constat
2579 2950 2873 3016 Clodium

580 3060 941 3125 Pollionem
979 3063 1371 3145 praetorium
1410 3063 1640 3143 uirum,
1677 3062 1746 3124 in
1784 3083 1973 3144 quem
2013 3065 2110 3123 est
2140 3082 2366 3143 poema
2393 3058 2669 3123 Neronis
2701 3058 2872 3141 quod

580 3167 954 3232 inscribitur
979 3168 1283 3246 Luscio,
1323 3168 1822 3252 chirographum
1853 3168 1987 3231 eius
2019 3188 2432 3232 conseruasse
2461 3170 2524 3229 et
2559 3187 2873 3229 nonnum-
2932 3155 2938 3161 ’

584 3297 775 3357 quam
844 3275 1193 3358 protulisse
1248 3278 1498 3338 noctem
1555 3276 1680 3338 sibi
1737 3273 2132 3358 pollicentis3
2194 3295 2312 3337 nec
2367 3272 2706 3337 defuerunt
2762 3271 2872 3354 qui

584 3381 996 3463 affirmarent,
1034 3386 1405 3465 corruptum
1436 3381 1875 3446 Domitianum
1915 3386 1978 3445 et
2015 3404 2053 3445 a
2080 3380 2296 3445 Nerua
2335 3401 2695 3444 successore
2724 3400 2874 3444 mox
2903 3397 2955 3435 ιο

514 3505 545 3551 2
584 3509 717 3552 suo.
831 3487 1001 3552 bello
1068 3487 1419 3553 Vitelliano
1488 3488 1780 3572 confugit
1845 3488 1911 3551 in
1978 3486 2370 3572 Capitolium
2437 3509 2580 3551 cum
2644 3491 2872 3571 patruo

586 3592 823 3659 Sabino
891 3616 964 3659 ac
1028 3598 1207 3677 parte
1272 3595 1702 3678 praesentium
1769 3597 2124 3678 copiarum,
2200 3595 2305 3659 sed
2373 3593 2873 3676 irrumpentibus

586 3701 966 3766 aduersariis
1026 3705 1089 3764 et
1144 3701 1401 3764 ardente
1447 3700 1692 3786 templo
1742 3702 1912 3786 apud
1959 3702 2286 3766 aedituum
2336 3700 2501 3767 clam
2546 3703 2873 3785 pernocta-

585 3808 700 3892 uit,
747 3828 820 3872 ac
866 3829 1049 3872 mane
1094 3806 1285 3895 Isiaci
1333 3807 1573 3872 celatus
1618 3808 1848 3872 habitu
1896 3808 2190 3893 interque
2231 3807 2620 3873 sacrificulos
2659 3805 2875 3870 uariae

586 3914 1061 3998 superstitionis
1101 3936 1245 3979 cum
1285 3937 1352 3978 se
1389 3919 1565 3978 trans
1596 3914 1877 3979 Tiberim
1916 3917 1992 3978 ad
2024 3915 2446 4001 condiscipuli
2476 3915 2576 3979 sui
2605 3917 2874 3978 matrem
2905 3929 2956 3969 15

587 4022 821 4087 comite
867 4044 996 4085 uno
1046 4022 1441 4103 contulisset,
1490 4023 1579 4085 ita
1616 4023 1825 4105 latuit,
1871 4026 1944 4086 ut
1981 4023 2415 4087 scrutantibus
2454 4022 2563 4105 qui
2603 4020 2878 4106 uestigia

518 4144 549 4190 3
590 4127 913 4193 subsecuti
961 4133 1159 4211 erant,
1207 4128 1595 4213 deprehendi
1638 4151 1772 4193 non
1817 4131 2118 4214 potuerit.
2202 4133 2352 4213 post
2397 4129 2732 4192 uictoriam
2775 4127 2875 4191 de-

731 4275 762 4321 5
801 4272 1056 4339 tempora
1091 4272 1140 4322 'I'
1298 4269 1478 4338 egisse
1519 4270 1753 4324 Casaub.
1915 4276 1946 4321 6
1986 4271 2205 4322 constet
2242 4270 2471 4339 Lipsius
2627 4274 2655 4321 7
2692 4267 2879 4320 uirum

588 4347 688 4400 del.
727 4349 879 4403 Torr.
1027 4357 1065 4402 9
1096 4349 1388 4418 pollicenti
1419 4349 1577 4419 XHQ
1612 4356 1662 4404 et
1697 4351 1777 4404 sic
1802 4367 1910 4419 pro
1948 4367 1999 4402 u.
2042 4351 2075 4402 l.
2110 4366 2177 4403 ss.
2217 4350 2280 4403 ἐτη
2317 4350 2372 4403 R
2501 4354 2566 4401 10
2602 4347 2879 4401 Domitia-

588 4442 724 4477 num
761 4428 861 4481 del.
898 4431 1050 4484 Torr.
1092 4431 1268 4484 Polak
1428 4435 1492 4481 14
1530 4429 1721 4482 isiciT
1885 4429 2114 4483 habitus
2146 4431 2215 4483 M
2377 4428 2722 4498 sacrifigulos
2754 4428 2877 4493 Mo,

591 4504 889 4559 sacricolae
910 4510 1142 4579 Bentley
1160 4528 1187 4563 e
1212 4511 1336 4564 Tac.
1358 4510 1480 4564 hist.
1501 4511 1611 4562 ΙΙΙ
1626 4515 1694 4564 74
1837 4526 2022 4564 uanae
2041 4528 2074 4569 ς
2104 4510 2282 4579 (edd.),
2309 4511 2548 4564 Phariae
2568 4512 2615 4565 Ι.
2641 4511 2877 4564 Gronov.
