3325 5209
578 394 704 459 186
1278 397 1333 451 C.
1376 397 1690 451 stToNI
1726 398 2170 462 TRANQVILLI

572 559 951 641 parentibus
1006 560 1173 623 inter
1226 561 1465 625 liberos
1511 558 1723 644 palam
1771 560 1951 625 heres
1998 567 2500 645 nuncuparetur,
2558 563 2870 629 derisores

571 664 873 743 uocabat,
936 667 1109 748 quod
1168 672 1316 750 post
1368 668 1916 752 nuncupationem
1974 669 2193 731 uiuere
2238 675 2746 754 perseuerarent,
2807 675 2871 734 et

500 786 531 832 3
572 772 797 835 multis
853 771 1201 837 uenenatas
1258 778 1530 837 matteas
1586 775 1783 838 misit.
1868 775 2295 861 cognoscebat
2343 780 2555 839 autem
2605 776 2681 840 de
2727 776 2867 840 tali-

566 878 689 941 bus
738 880 973 961 causis,
1033 884 1254 944 taxato
1311 881 1491 964 prius
1553 881 1743 945 modo
1806 903 2093 945 summae
2149 882 2230 944 ad
2285 878 2473 965 quem
2532 883 2868 946 conficien-

569 986 718 1049 dum
777 987 1163 1069 consideret,
1221 987 1512 1051 confecto
1572 988 1827 1051 demum
1886 988 2300 1051 excitabatur.
2385 1010 2458 1051 ac
2511 1011 2592 1052 ne
2646 986 2866 1072 p'aulu-
2925 1016 2948 1054 5

564 1094 695 1156 lum
749 1093 1008 1176 quidem
1065 1114 1280 1156 morae
1326 1095 1577 1176 patiens
1635 1116 1828 1177 super
1875 1095 2299 1180 quadraginta
2352 1116 2497 1158 reos
2545 1095 2866 1178 quondam

564 1221 643 1262 ex
682 1200 953 1263 diuersis
994 1200 1369 1264 criminibus
1408 1223 1534 1263 una
1581 1201 1897 1265 sententia
1936 1203 2386 1267 condemnauit
2423 1202 2866 1287 gloriatusque

564 1310 662 1369 est
709 1307 1156 1390 expergefacta
1204 1329 1238 1370 e
1286 1329 1510 1370 somno
1557 1305 1869 1372 Caesonia
1917 1313 2280 1391 quantum
2330 1310 2647 1393 egisset,
2696 1309 2864 1372 dum

565 1435 649 1476 ea
695 1413 1158 1502 meridiaret.

390 1562 397 1572 ,
497 1531 529 1577 4
747 1517 1065 1582 Auctione
1111 1519 1444 1602 proposita
1488 1520 1795 1603 reliquias
1835 1523 2121 1585 omnium
2160 1523 2670 1604 spectaculorum
2718 1524 2861 1586 sub-
2895 1548 2944 1586 ιο

564 1626 716 1688 iecit
763 1647 836 1688 ac
884 1626 1270 1709 uenditauit,
1326 1628 1666 1710 exquirens
1722 1649 1837 1710 per
1894 1649 1959 1691 se
2014 1629 2223 1712 pretia
2280 1633 2343 1692 et
2390 1651 2593 1711 usque
2639 1651 2713 1692 eo
2762 1651 2863 1692 ex-

560 1732 846 1813 tendens,
899 1735 973 1794 ut
1020 1732 1281 1816 quidam
1328 1734 1639 1797 immenso
1690 1735 1895 1799 coacti
1942 1735 2255 1817 quaedam
2304 1756 2511 1799 emere
2559 1758 2632 1800 ac
2676 1736 2864 1799 bonis

564 1840 741 1901 exuti
790 1860 987 1902 uenas
1046 1840 1170 1903 sibi
1216 1839 1585 1904 inciderent.
1669 1845 1826 1904 nota
1869 1864 1970 1906 res
2027 1847 2149 1925 est,
2196 1841 2456 1926 Aponio
2516 1841 2862 1906 Saturnino

560 1945 728 2008 inter
793 1945 1100 2009 subsellia
1165 1947 1576 2030 dormitante,
1641 1948 1960 2011 monitum
2029 1972 2066 2012 a
2123 1948 2282 2012 Gaio
2344 1971 2723 2033 praeconem
2780 1972 2861 2012 ne

559 2052 952 2133 praetorium
1015 2054 1227 2116 uirum
1289 2054 1511 2117 crebro
1574 2055 1803 2137 capitis
1864 2059 2044 2118 motu
2108 2060 2442 2119 nutantem
2507 2057 2632 2119 sibi
2686 2078 2861 2139 prae-
2890 2079 2940 2120 ιε

560 2158 797 2240 teriret,
853 2180 971 2223 nec
1024 2159 1258 2222 licendi
1304 2160 1499 2223 finem
1545 2161 1808 2242 factum,
1864 2163 2076 2244 quoad
2121 2163 2424 2226 tredecim
2473 2164 2857 2247 gladiatores

451 2257 546 2323 39
565 2265 929 2329 sestertium
966 2267 1275 2350 nonagies
1316 2267 1639 2351 ignoranti
1679 2268 2140 2333 addicerentur.
2224 2271 2292 2333 in
2332 2268 2540 2333 Gallia
2587 2292 2858 2353 quoque,

560 2394 705 2435 cum
754 2373 1196 2436 damnatarum
1245 2394 1536 2436 sororum
1588 2380 1962 2438 ornamenta
2010 2380 2073 2438 et
2120 2376 2585 2459 supellectilem
2625 2381 2688 2439 et
2735 2399 2857 2440 ser-

557 2500 675 2541 uos
731 2483 922 2560 atque
980 2479 1172 2542 etiam
1230 2480 1497 2543 libertos
1552 2482 1881 2545 immensis
1938 2482 2162 2565 pretiis
2219 2482 2639 2564 uendidisset,
2695 2483 2856 2545 inui-

555 2587 731 2647 tatus
777 2586 984 2668 lucr0,
1042 2586 1355 2668 quidquid
1401 2588 1813 2651 instrumenti
1860 2589 2094 2652 ueteris
2154 2590 2335 2654 aulae
2392 2594 2526 2652 erat
2573 2590 2653 2652 ab
2700 2591 2857 2653 urbe
2886 2615 2937 2653 20

557 2692 832 2772 repetiit,
880 2693 1275 2775 comprensis
1330 2690 1431 2754 ad*
1468 2694 1933 2776 deportandum
1979 2697 2330 2759 meritoriis
2378 2718 2634 2779 quoque
2682 2695 2857 2760 uehi-

558 2799 722 2861 culis
788 2802 851 2861 et
915 2799 1413 2882 pistrinensibus
1479 2800 1809 2885 iumentis,
1876 2802 2029 2865 adeo
2098 2806 2171 2865 ut
2236 2807 2300 2865 et
2363 2804 2548 2885 panis
2612 2801 2856 2866 Romae

557 2926 744 2986 saepe
806 2905 1103 2969 deficeret
1164 2910 1228 2969 et
1286 2906 1690 2991 litigatorum
1755 2908 2066 2993 plerique,
2128 2910 2300 2992 quod
2362 2931 2691 2972 occurrere
2752 2910 2855 2972 ab·

483 3022 513 3067 2
555 3016 767 3074 sentes
823 3011 902 3074 ad
957 3013 1397 3076 uadimonium
1453 3036 1586 3077 non
1631 3019 1923 3097 possent,
1980 3037 2170 3079 causa
2217 3016 2526 3079 caderent.
2612 3017 2716 3079 cui
2762 3017 2854 3079 in-

554 3123 915 3183 strumento
966 3119 1376 3183 distrahendo
1423 3120 1588 3184 nihil
1633 3143 1766 3184 non
1803 3121 2047 3185 fraudis
2086 3144 2159 3186 ac
2197 3123 2503 3186 lenocinii
2540 3122 2854 3204 adhibuit,
2883 3146 2933 3185 ‘25

551 3226 743 3289 modo
792 3226 1102 3289 auaritiae
1159 3226 1447 3311 singulos
1504 3228 1841 3310 increpans
1899 3233 1961 3292 et
2017 3229 2189 3312 quod
2242 3251 2374 3293 non
2429 3230 2697 3312 puderet
2746 3251 2851 3293 eos

550 3332 1004 3415 locupletiores
1052 3354 1189 3395 esse
1237 3354 1430 3414 quam
1470 3356 1553 3416 se,
1601 3335 1792 3399 modo
1831 3336 2292 3419 paenitentiam
2332 3336 2640 3399 simulans
2680 3337 2852 3418 quod

551 3438 1003 3521 principalium
1092 3461 1306 3502 rerum
1394 3441 1669 3524 priuatis
1745 3443 1993 3524 copiam
2083 3443 2334 3505 faceret.
2453 3447 2851 3526 compererat

549 3545 1014 3627 prouincialem
1070 3546 1455 3628 locupletem
1514 3547 1785 3611 ducenta
1841 3550 2134 3612 sestertia
2179 3572 2545 3614 numerasse
2593 3554 2846 3614 uocato·

549 3652 753 3733 ribus,
819 3656 891 3715 ut
937 3674 1053 3734 per
1110 3652 1434 3716 fallaciam
1493 3655 1792 3717 conuiuio
1850 3656 2390 3740 interponeretur,
2452 3678 2567 3719 nec
2613 3657 2849 3719 tulerat
2880 3680 2930 3718 ³0

695 3887 719 3932 1
762 3880 996 3933 heredes
1041 3883 1088 3932 Τ
1230 3887 1260 3932 5
1302 3880 1444 3952 <et>
1477 3880 1732 3934 confecto
1765 3884 2002 3952 IvIadviy
2148 3890 2175 3936 7
2216 3901 2366 3937 uana
2393 3888 2441 3937 Τ
2584 3889 2613 3936 8
2654 3899 2848 3951 exper-

544 3962 773 4029 gefacta
812 3962 859 4030 e]
905 3960 1295 4031 expergefacte
1325 3963 1566 4029 (experr-
1594 3962 1653 4030 Q,
1694 3961 1867 4015 -facte
1898 3966 2032 4032 HT)
2057 3965 2369 4033 MHQP2T
2404 3965 2551 4031 (inde
2589 3964 2847 4017 cesoniae

548 4041 829 4111 HQP2T)‚
870 4040 1265 4110 expergefacta
1295 4040 1471 4095 LP¹S
1614 4047 1675 4094 11
1718 4042 2016 4096 intendens
2046 4045 2112 4096 N
2135 4045 2410 4113 (Mad-vigy)
2560 4050 2623 4096 16
2662 4061 2734 4098 ne
2764 4044 2848 4097 di-

546 4122 709 4173 cendi
740 4122 976 4187 P1112R,
1014 4138 1117 4174 nec
1155 4120 1381 4174 dicendi
1414 4121 1661 4190 H1X(P²)
1828 4124 2051 4191 quo*ad
2083 4126 2168 4189 M,
2208 4125 2359 4193 quod
2398 4125 2469 4177 ad
2500 4127 2572 4190 R,
2612 4125 2762 4193 quod
2795 4125 2845 4179 G

549 4207 610 4252 17
646 4203 901 4254 sestertio
934 4202 1160 4255 Ernesti
1180 4204 1268 4269 (cf.
1290 4203 1364 4254 ad
1391 4203 1500 4254 Iul.
1526 4206 1597 4255 50
1616 4220 1678 4269 p.
1699 4207 1789 4267 26,
1808 4206 1901 4272 24)
2051 4209 2114 4256 18
2147 4205 2539 4258 damnatorum
2570 4205 2843 4258 sociorum

548 4281 707 4343 Oud„
746 4280 1139 4334 damnatorum
1179 4282 1474 4352 [sororum]
1508 4283 1700 4335 Burin.
1854 4289 1916 4336 19
1956 4283 2188 4336 libertos
2228 4301 2260 4342 ς
2300 4286 2666 4353 (Beroaldus),
2705 4285 2843 4338 libe-

543 4359 654 4411 rios
688 4362 781 4423 M,
828 4359 1033 4413 liberos
1062 4363 1154 4414 rel.
1188 4361 1372 4429 (ΟΜΖ.)
1486 4368 1551 4413 23
1592 4378 1759 4430 saepe
1799 4371 1897 4417 aut
1934 4365 2033 4416 del.
2067 4371 2165 4417 aut
2202 4366 2528 4418 mutandum
2565 4367 2622 4418 iu
2664 4382 2843 4434 paene

533 4445 703 4506 putat
743 4440 806 4492 G.
823 4441 1026 4493 Becker
1197 4447 1263 4492 24
1302 4440 1701 4493 uademonium
1732 4442 1828 4495 M1
2003 4448 2067 4495 26
2117 4444 2320 4510 ecquid
2356 4445 2594 4512 puderet
2631 4447 2719 4499 uel
2757 4463 2842 4499 ec-

541 4519 812 4584 quidnam
844 4522 1075 4589 Bentley
