3325 5209
577 364 728 451 296,
1275 365 1331 419 e.
1372 365 1687 419 svss'rom
1715 365 2169 431 ,TRANQVILLI

577 531 979 612 tractumque
1035 528 1362 593 socculum
1420 528 1716 594 dextrum
1763 530 1931 594 inter
1976 534 2195 617 togam
2240 531 2619 616 tunicasque
2665 539 2871 619 gesta-

577 634 675 698 uit
721 634 990 718 assidue,
1043 657 1523 719 nonnumquam
1583 637 2075 702 osculabundus,
2165 638 2455 703 Narcissi
2503 661 2759 724 quoque
2806 644 2871 707 et

576 740 888 806 Pallantis
926 743 1239 828 imagines
1277 764 1501 807 aureas
1538 742 1706 807 inter
1741 742 1936 807 Lares
1975 746 2192 810 coluit.
2256 745 2451 810 huius
2490 750 2554 810 et
2590 745 2704 810 illa
2739 769 2870 810 uox

578 851 701 912 est:
775 870 998 933 saepe
1071 849 1341 933 facias,
1426 871 1570 914 cum
1646 850 2003 916 saeculares
2069 852 2254 916 ludos
2332 852 2545 917 edenti
2604 851 2870 917 Claudio
2938 842 2943 847 ”

508 957 549 1023 3
579 955 1031 1040 gratularetur.
1114 955 1383 1020 decessit
1428 956 1712 1041 paralysi
1760 958 1961 1022 altero
2011 957 2112 1020 die
2150 981 2342 1042 quam
2382 964 2713 1044 correptus
2753 964 2869 1043 est,
2927 986 2954 1026 5

577 1060 827 1125 duobus
874 1062 1026 1151 filiis
1074 1062 1527 1146 superstitibus
1537 1115 1555 1147 ,
1611 1085 1773 1146 quos
1822 1086 1901 1128 ex
1949 1063 2208 1129 Sestilia
2252 1065 2710 1150 probatissima
2754 1088 2872 1131 nec

576 1168 852 1254 ignobili
889 1169 1130 1233 femina
1166 1170 1372 1234 editos
1421 1172 1716 1235 consules
1763 1170 1946 1253 uidit,
1985 1176 2048 1235 et
2087 1172 2345 1255 quidem
2383 1173 2606 1237 eodem
2646 1173 2872 1237 ambos

576 1278 845 1358 totoque
892 1297 1076 1360 ann0,
1135 1297 1279 1340 cum
1335 1276 1567 1340 maiori
1613 1277 1828 1342 minor
1873 1278 1942 1341 in
1990 1301 2101 1342 sex
2148 1300 2400 1343 menses
2448 1281 2872 1344 successisset.

578 1382 949 1446 defunctum
998 1388 1256 1447 senatus
1302 1383 1564 1465 publico
1610 1384 1833 1448 funere
1879 1383 2245 1463 honorauit,
2292 1387 2446 1450 item
2495 1390 2708 1450 statua
2752 1407 2895 1470 pro*

575 1491 804 1552 rostris
852 1511 998 1553 cum
1035 1488 1155 1552 hac
1192 1489 1636 1574 inscriptione:
1684 1508 2008 1556 Fuimus
2049 1509 2415 1558 mMomms
2455 1510 2642 1557 ERGA
2678 1511 2870 1557 PRIN-
2900 1519 2956 1559 ιο

582 1613 810 1660 οῐΡΕΜ.

508 1707 539 1754 2
757 1702 830 1766 A.
883 1701 1183 1768 Vitellius
1220 1703 1289 1769 L.
1337 1703 1508 1768 filius
1556 1704 1909 1788 imperator
1953 1709 2145 1769 natus
2183 1709 2282 1769 est
2318 1704 2494 1770 VIII.
2533 1705 2676 1770 Kal.
2717 1704 2873 1788 Oct,

366 1811 688 1878 a.151›.0.uel
732 1814 806 1874 ut
852 1809 1111 1893 quidam
1157 1808 1299 1874 VH.
1347 1809 1439 1875 Id.
1487 1809 1682 1895 Sept,
1727 1810 1939 1875 Druso
1989 1811 2259 1876 Caesare
2295 1811 2605 1878 Norbano
2648 1811 2872 1876 Flacco

579 1936 750 1981 cons,
797 1916 1160 2001 genituram
1206 1917 1342 1982 eius
1389 1917 1784 2001 praedictam
1832 1939 1870 1980 a
1916 1916 2391 1983 mathematicis
2438 1921 2530 1983 ita
2575 1922 2872 2004 parentes

579 2022 1068 2106 exhorruerunt,
1122 2028 1198 2087 ut
1251 2028 1435 2108 pater
1489 2046 1725 2110 magno
1775 2045 1965 2107 opere
2013 2046 2264 2109 semper
2309 2026 2734 2109 contenderit,
2792 2048 2873 2089 ne
2904 2052 2956 2093 ιε

580 2151 706 2212 qua
753 2131 812 2194 ei
856 2130 1191 2214 prouincia
1234 2131 1388 2195 uiuo
1438 2153 1505 2194 se
1553 2131 2082 2213 committeretur,
2127 2136 2333 2196 mater
2379 2137 2444 2197 et
2488 2133 2758 2197 missum
2796 2132 2876 2196 ad

575 2238 865 2323 legiones
926 2240 990 2300 et
1049 2238 1444 2321 appellatum
1503 2238 1959 2321 imperatorem
2030 2261 2148 2323 pro
2211 2239 2452 2303 afflicto
2516 2240 2735 2304 statim
2791 2240 2876 2303 la-

581 2347 867 2408 mentata
904 2345 1005 2407 sit.
1087 2341 1430 2428 pueritiam
1467 2345 1870 2428 primamque
1909 2344 2404 2410 adulescentiam
2444 2345 2702 2429 Capreis
2743 2345 2875 2431 egit

579 2450 747 2516 inter
791 2451 1134 2515 Tiberiana
1188 2455 1425 2533 scorta,
1482 2455 1547 2514 et
1592 2452 1731 2534 ipse
1776 2455 2089 2535 perpetuo
2138 2452 2595 2536 spint[he]riae
2644 2474 2876 2538 cogno-

582 2559 755 2622 mine
797 2562 1061 2622 notatus
1108 2557 1642 2641 existimatusque
1691 2558 1975 2642 corporis
2023 2560 2230 2644 gratia
2277 2559 2533 2623 initium
2585 2563 2648 2623 et
2686 2581 2876 2622 causa
2905 2586 2958 2625 ρο

510 2666 555 2732 4
586 2666 1123 2729 incrementorum
1177 2666 1349 2748 patri
1392 2665 1619 2750 fuisse3
1677 2666 1970 2748 sequenti
2019 2688 2274 2749 quoque
2321 2671 2528 2731 aetate
2577 2666 2875 2730 omnibus

579 2771 834 2858 probris
882 2772 1373 2855 contaminatuS,
1417 2773 1834 2855 praecipuum
1883 2772 1951 2835 in
1995 2773 2142 2836 aula
2188 2773 2402 2837 locum
2439 2773 2667 2856 tenuit,
2716 2771 2875 2836 Gaio

580 2901 695 2962 per
740 2878 1092 2963 aurigandi,
1155 2877 1421 2942 Claudio
1482 2900 1596 2960 per
1650 2878 1825 2941 aleae
1873 2878 2157 2942 studium
2203 2879 2564 2958 familiaris,
2613 2880 2724 2943 sed
2769 2880 2877 2943 ali·

582 2989 824 3069 quanto
869 2983 1116 3049 Neroni
1175 2986 1515 3069 acceptior,
1570 3006 1715 3049 cum
1773 2988 2040 3069 propter
2101 2985 2320 3049 eadem
2367 2985 2541 3069 haec,
2588 2991 2726 3050 tum
2773 3007 2877 3069 pe·
2941 2991 2945 2995 ’

582 3092 807 3157 culiari
853 3092 1102 3174 merito,
1150 3092 1323 3174 quod
1368 3092 1740 3175 praesidens
1788 3092 2121 3155 certamini
2166 3091 2462 3157 Neroneo
2513 3093 2876 3176 cupientem
2907 3118 2958 3158 25

580 3199 749 3262 inter
795 3198 1196 3263 citharoedos
1235 3199 1616 3262 contendere
1653 3221 1770 3262 nec
1810 3200 2104 3282 quamuis
2140 3199 2587 3284 flagitantibus
2627 3199 2876 3265 cunctis

579 3306 957 3390 promittere
1012 3305 1350 3369 audentem
1415 3304 1687 3388 ideoque
1744 3327 2067 3390 egressum
2124 3304 2377 3370 theatro
2445 3309 2876 3388 reuocauerat,

582 3412 765 3495 quasi
822 3413 1288 3495 perseuerantis
1346 3412 1572 3495 populi
1626 3412 1949 3496 legatione
1997 3416 2309 3496 suscepta,
2356 3412 2879 3496 exorandumque

580 3518 978 3602 praebuerat.

514 3627 556 3692 ὅ
764 3625 987 3689 Trium
1025 3624 1242 3708 itaque
1279 3626 1643 3709 principum
1681 3625 2080 3711 indulgentia
2115 3647 2246 3689 non
2286 3625 2496 3690 solum
2524 3626 2879 3690 honoribus
2907 3652 2963 3692 so

582 3755 806 3797 uerum
854 3737 918 3795 et
964 3731 1337 3795 sacerdotiis
1385 3731 1798 3816 amplissimis
1845 3736 2088 3812 auctus,
2134 3732 2662 3816 proconsulatum
2707 3731 2878 3797 Afri-

583 3861 691 3904 cae
737 3843 888 3922 post
934 3838 1091 3902 haec
1139 3861 1483 3922 curamque
1532 3860 1797 3922 operum
1844 3839 2251 3922 publicorum
2301 3838 2778 3904 administrauit
2815 3844 2881 3903 et

481 4079 486 4083 .
725 4039 756 4087 5
796 4049 854 4086 es
896 4035 971 4087 M
1181 4037 1212 4085 6
1251 4031 1476 4085 sextilia
1514 4031 1735 4097 POST,
1772 4038 1823 4086 et
1856 4033 1934 4085 sie
1971 4033 2126 4102 apud
2161 4033 2285 4086 Tac.
2322 4034 2444 4088 hist.
2484 4034 2560 4086 II
2591 4037 2662 4087 64
2699 4032 2882 4088 editur

586 4121 615 4168 7
654 4116 802 4169 ditos
835 4116 921 4180 M,
968 4113 1119 4166 edito
1156 4112 1226 4178 R,
1275 4110 1487 4166 edictos
1530 4114 1591 4165 H
1803 4116 1868 4164 12
1906 4111 2211 4165 Auitellius
2242 4111 2463 4179 ML²P,
2503 4112 2582 4165 At
2625 4111 2878 4166 uitellius

583 4195 812 4250 L⁸OST
843 4196 1196 4264 (praenomen
1221 4193 1585 4261 perscriptum
1622 4192 1686 4245 in
1725 4191 1855 4261 HQ,
1893 4208 1992 4246 om
2032 4193 2095 4245 in
2127 4191 2198 4261 G)
2346 4198 2409 4244 17
2450 4192 2645 4245 statim
2681 4210 2781 4246 om.
2821 4195 2880 4259 T,

584 4280 710 4327 ante
747 4292 847 4345 pro
883 4275 1043 4329 habet
1078 4275 1128 4327 Τ
1293 4277 1357 4325 18
1397 4272 1601 4343 capitis
1637 4275 1688 4325 Τ
1865 4278 1931 4325 19
1969 4272 2028 4324 in
2064 4274 2337 4341 perpetuo
2376 4276 2436 4325 X
2465 4272 2626 4340 (imp-
2658 4272 2736 4337 P)

585 4354 892 4422 sphinterie
921 4357 993 4420 H,
1033 4352 1300 4422 spinterie
1329 4352 1428 4407 ST
1564 4358 1631 4405 22
1660 4358 1788 4420 post
1815 4352 2229 4406 contaminatus
2252 4360 2522 4421 punctum
2541 4353 2707 4423 ponit
2735 4352 2880 4406 Roth

586 4438 653 4487 24
710 4435 858 4504 cum]
896 4434 1019 4487 tum
1055 4435 1163 4488 TN
1195 4440 1247 4489 et
1272 4450 1382 4503 pro
1417 4450 1471 4485 u.
1514 4433 1547 4486 l.
1587 4449 1654 4486 ss.
1687 4431 1754 4486 8²
1897 4438 1962 4484 27
2021 4433 2370 4504 promittere]
2409 4431 2636 4502 prodire
2674 4433 2881 4487 Becher

559 4518 654 4566 Ᾰ28
693 4513 1142 4583 exorabilemque
1172 4514 1404 4582 Bentley
1548 4517 1612 4564 31
1649 4511 1993 4579 sacerdotib;
2037 4515 2088 4568 G
