3325 5209
645 360 726 422 12
1309 358 1364 413 C.
1406 359 1720 413 SVETONI
1756 357 2199 422 TRANQVILLI

642 522 822 587 cuius
879 522 1053 606 pacti
1108 543 1237 585 non
1300 521 1621 586 dubitauit
1670 546 1707 585 a
1754 521 2136 606 quibusdam
2193 522 2291 585 ius
2348 522 2687 586 iurandum
2743 525 2939 605 atque

534 625 624 691 24
647 628 839 692 etiam
895 627 1328 714 syngrapham
1386 629 1655 714 exigere.
1749 629 1861 693 sed
1917 650 2061 693 cum
2117 627 2355 692 Lucius
2411 628 2735 693 Domitius
2793 649 2939 692 con-

642 736 886 800 sulatus
947 734 1324 799 candidatus
1380 734 1591 818 palam
1646 736 2001 799 minaretur
2056 734 2384 799 consulem
2441 757 2507 799 se
2563 736 2938 799 effecturum

642 843 816 925 quod
860 846 1122 926 praetor
1155 842 1486 925 nequisset
1531 842 2110 926 adempturumque
2158 843 2217 906 ei
2264 842 2599 924 exercitus,
2639 840 2937 906 Crassum

639 947 1148 1033 Pompeiumque
1185 949 1255 1012 in
1290 948 1516 1013 urbem
1553 949 1927 1032 prouinciae
1966 969 2116 1011 suae
2153 948 2394 1012 Lucam
2433 951 2753 1012 extractos
2792 970 2939 1012 con·
2994 975 3023 1014 5

639 1056 826 1140 pulit,
872 1060 946 1119 ut
992 1055 1371 1119 detrudendi
1418 1054 1693 1119 Domitii
1748 1076 1938 1120 causa
1996 1054 2401 1126 consulatum
2446 1055 2715 1119 alterum
2768 1058 2939 1137 pete-

640 1166 809 1245 rent,
875 1162 1269 1245 perfecitque
1316 1164 1728 1247 †utrumque,
1792 1165 1865 1225 ut
1930 1163 1995 1225 in
2063 1162 2570 1245 quinquennium
2639 1161 2763 1225 sibi
2823 1161 2939 1225 im-

570 1283 602 1330 2
640 1267 891 1351 perium
937 1272 1408 1353 prorogaretur.
1484 1291 1611 1353 qua
1654 1269 1892 1334 fiducia
1937 1269 2017 1332 ad
2072 1268 2377 1354 legiones,
2424 1290 2582 1352 quas
2628 1290 2665 1330 a
2710 1291 2779 1331 re
2824 1291 2937 1351 pu-

640 1373 811 1437 blica
856 1379 1204 1459 acceperat,
1251 1375 1406 1439 alias
1453 1376 1710 1459 priuato
1759 1379 2021 1459 sumptu
2068 1375 2331 1458 addidit,
2376 1397 2569 1439 unam
2619 1376 2810 1438 etiam
2859 1397 2937 1438 ex

642 1478 1080 1563 Transalpinis
1131 1482 1579 1565 conscriptam,
1625 1481 1945 1546 uocabulo
1984 1502 2238 1565 quoque
2277 1479 2526 1545 Gallico
2566 1519 2648 1526 —
2688 1480 2939 1545 Alauda
2969 1510 3020 1548 ιο

643 1587 815 1649 6111111
862 1587 1306 1670 appellabatur
1350 1626 1455 1672 —,
1505 1610 1694 1671 quam
1750 1587 2090 1672 disciplina
2147 1587 2451 1671 cultuque
2506 1588 2798 1652 Romano
2844 1589 2937 1651 in-

573 1707 604 1755 3
644 1694 935 1756 stitutam
992 1698 1055 1759 et
1112 1699 1403 1759 ornatam
1450 1699 1676 1778 postea
1730 1696 2094 1760 uniuersam
2153 1696 2412 1759 ciuitate
2459 1695 2739 1759 donauit.
2819 1716 2938 1758 nec

644 1799 872 1864 deinde
917 1800 1051 1865 ulla
1097 1801 1251 1865 belli
1299 1802 1651 1885 occasione,
1701 1803 1866 1885 <ne>
1904 1802 2128 1866 iniusti
2169 1801 2427 1884 quidem
2473 1822 2547 1864 ac
2591 1801 2935 1884 periculosi

644 1906 971 1990 abstinuit,
1018 1912 1151 1972 tam
1197 1908 1540 1972 foederatis
1580 1931 1772 1992 quam
1821 1908 2070 1973 infestis
2119 1930 2194 1972 ac
2238 1908 2391 1973 feris
2429 1908 2730 1993 gentibus
2767 1907 2936 1971 ultro

642 2012 985 2095 lacessitis,
1048 2015 1203 2080 adeo
1251 2020 1327 2079 ut
1381 2019 1638 2080 senatus
1688 2016 2008 2099 quondam
2056 2016 2303 2100 legatos
2352 2014 2427 2079 ad
2478 2014 2933 2098 explorandum
2967 2040 3016 2081 ιε

643 2123 882 2183 statum
933 2118 1282 2185 Galliarum
1330 2122 1678 2186 mittendos
1726 2122 2077 2186 decreuerit
2123 2143 2196 2185 ac
2240 2121 2537 2185 nonnulli
2583 2120 2937 2185 dedendum

643 2249 789 2290 eum
829 2228 1122 2292 hostibus
1164 2229 1540 2292 censuerint.
1608 2229 1720 2291 sed
1757 2250 2061 2312 prospere
2100 2227 2612 2312 [de]cedentibus
2649 2228 2838 2292 rebus
2877 2230 2939 2290 et

645 2335 897 2416 saepius
954 2339 1018 2397 et
1073 2335 1385 2418 plurium,
1408 2358 1601 2418 quam
1651 2335 1987 2418 quisquam
2047 2357 2355 2418 umquam
2404 2336 2651 2400 dierum
2700 2335 2936 2418 suppli·

536 2436 624 2502 25
649 2442 931 2504 cationes
992 2442 1380 2525 impetrauit.
1473 2443 1675 2527 gessit
1734 2447 1947 2505 autem
2010 2464 2246 2507 nouem
2309 2443 2518 2525 annis,
2579 2442 2812 2526 quibus
2872 2441 2937 2505 in

643 2547 914 2630 imperio
962 2547 1105 2628 fuit,
1151 2548 1308 2612 haec
1351 2549 1502 2613 fere.
2719 2577 2728 2582 ’
2967 2574 3020 2614 80

823 2650 1093 2717 Omnem
1161 2649 1465 2734 Galliam,
1537 2678 1700 2738 quae
1775 2656 1945 2720 saltu
2011 2655 2340 2740 Pyrenaeo
2410 2655 2813 2740 Alpibusque
2877 2658 2941 2718 et

644 2763 862 2822 monte
928 2758 1251 2844 Cebenna,
1319 2761 1693 2826 fluminibus
1753 2761 1981 2827 Rheno
2051 2785 2125 2826 ac
2189 2763 2505 2827 Rhodano
2577 2762 2941 2826 continetur

643 2870 947 2950 patetque
1015 2868 1288 2932 circuitu
1363 2868 1440 2931 ad
1506 2867 1605 2932 bis
1663 2873 1727 2932 et
1789 2870 2003 2933 tricies
2071 2873 2326 2933 centum
2385 2870 2563 2933 milia
2597 2861 2939 2951 passuum,

790 3091 855 3137 19
873 3103 1001 3152 sqq.
1034 3087 1268 3155 Eutrop.
1313 3088 1399 3141 VI
1420 3092 1508 3152 17,
1530 3091 1564 3140 3
1612 3086 1831 3140 domuit
1876 3089 2065 3141 autem
2114 3088 2274 3141 annis
2320 3104 2524 3141 nouem
2565 3086 2681 3140 fere
2720 3102 2940 3140 omnem

646 3163 909 3231 Galliam,
948 3182 1093 3233 quae
1131 3166 1278 3220 inter
1315 3166 1502 3235 Alpes,
1542 3166 1749 3219 flumen
1775 3167 2130 3235 Rhodanum,
2169 3168 2427 3220 Rhenum
2456 3170 2512 3221 et
2541 3165 2823 3221 Oceanum
2855 3169 2942 3219 est

645 3247 702 3297 et
740 3244 978 3298 circuitu
1025 3249 1185 3314 patet
1223 3248 1296 3299 ad
1334 3247 1422 3300 bis
1469 3250 1526 3301 et
1561 3247 1753 3301 tricies
1801 3250 2040 3301 centena
2085 3251 2333 3316 (centum
2369 3249 2520 3302 codd.
2561 3248 2741 3316 εἶπεν.)
2780 3246 2940 3300 milia

643 3341 927 3392 passuum.

789 3529 819 3575 2
859 3523 1241 3591 syngraphum
1271 3526 1437 3591 (sym-
1457 3523 1513 3588 S,
1544 3523 1654 3576 sin·
1678 3524 1805 3589 Po,
1845 3523 1984 3577 ciro-
2013 3526 2081 3593 T)
2103 3529 2162 3577 X
2300 3523 2594 3576 consulatu
2623 3525 2770 3586 HR.
2809 3540 2939 3577 con-

645 3601 846 3654 sularis
884 3607 942 3654 X
947 3600 961 3619 '
1108 3609 1139 3655 6
1175 3604 1434 3670 peterent
1471 3601 1754 3673 X'HQQ,
1818 3607 2039 3671 peteret
2075 3605 2149 3657 Μ
2160 3604 2315 3659 GR&
2365 3604 2514 3672 (inde
2560 3603 2703 3657 alter
2749 3620 2940 3656 eorum

638 3699 744 3749 pro
781 3682 1022 3734 alterum
1059 3683 1389 3748 Salmasius,
1435 3685 1670 3749 uterque
1712 3682 1778 3736 G.
1796 3684 2002 3738 Becker
2039 3685 2219 3738 delens
2256 3685 2401 3751 quod
2445 3686 2690 3753 sequitur
2725 3686 2939 3737 utrum-

644 3766 773 3831 que)
941 3767 968 3814 7
1007 3763 1354 3832 perfecitque
1401 3764 1700 3830 utrumque
1747 3765 1811 3816 ut
1851 3766 1924 3817 M
1936 3764 2059 3817 GH
2066 3764 2120 3817 R
2130 3765 2191 3829 ὃ,
2245 3763 2596 3832 perfecitque
2639 3766 2939 3831 utrumque

644 3843 882 3911 (-imque
921 3844 993 3911 L)
1040 3845 1098 3897 et
1132 3844 1207 3895 'ut
1244 3848 1319 3909 X,
1374 3845 1431 3896 et
1477 3845 1541 3895 ut
1587 3851 1637 3896 et
1685 3851 1800 3897 tum
1844 3843 2193 3912 perfecitque
2240 3846 2538 3910 utrumque
2584 3850 2704 3911 post
2748 3859 2940 3912 proro-

641 3925 872 3991 garetur
912 3925 964 3977 V
993 3925 1090 3992 (sic
1135 3940 1269 3977 corr.
1316 3923 1439 3992 6⁷³),
1496 3925 1554 3975 et
1603 3925 1668 3975 ut
1715 3927 1835 3991 (om.
1876 3924 2015 3992 perf.
2054 3925 2183 3994 utr.)
2228 3925 2311 3994 ῼε
2367 3925 2465 3993 (sic
2503 3924 2654 3990 Wolf
2697 3925 2941 3992 aliique),

642 4002 888 4070 fecitque
926 4020 1025 4072 per
1060 4006 1361 4070 utrumque
1399 4004 1463 4055 ut
1502 4025 1531 4070 ρ
1562 4003 1862 4073 (Casaub.)‚
1899 4004 2248 4072 perfecitque
2279 4006 2582 4070 utcumque
2610 4006 2675 4057 ut
2700 4005 2789 4057 uel
2816 4020 2940 4071 per-

641 4083 888 4151 fecitque
926 4086 990 4137 ut
1019 4086 1266 4154 Bentley,
1303 4083 1442 4152 perf.
1472 4100 1572 4152 per
1598 4086 1901 4150 utrumque
1929 4087 1994 4137 ut
2023 4085 2168 4138 Roth
2312 4090 2342 4136 8
2374 4083 2508 4150 quia
2537 4083 2614 4150 V,
2728 4088 2759 4136 9
2799 4082 2940 4137 alias

645 4195 710 4203 —
734 4163 960 4218 addidit
1004 4165 1122 4230 ΤΒ,
1160 4164 1302 4217 alias
1325 4196 1390 4204 —
1413 4163 1576 4216 addit
1614 4166 1690 4218 M
1701 4165 1834 4230 GV,
1893 4163 2020 4216 aliis
2043 4195 2112 4202 —
2133 4163 2344 4217 additis
2375 4163 2541 4217 LPO
2558 4153 2609 4216 T‘
2744 4163 2938 4233 unam]

642 4260 774 4297 nam
794 4246 936 4310 HR,
973 4244 1088 4297 iam
1113 4245 1211 4314 Qs,
1241 4260 1410 4311 quam
1440 4265 1471 4312 ρ
1620 4250 1687 4297 13
1724 4260 1796 4298 116
1823 4244 2001 4312 suppl.
2024 4244 2300 4298 Erasmus
2446 4249 2509 4296 17
2542 4243 2869 4297 cedentibus
2891 4264 2940 4312 ρ,

644 4324 1072 4378 succedentibus
1112 4342 1161 4391 ς,
1202 4324 1254 4376 61
1292 4323 1621 4378 cedentibus
1662 4325 1916 4390 Casaub„
1956 4323 2086 4377 dein
2125 4340 2168 4378 c.
2214 4324 2484 4378 Graevius
2520 4325 2609 4394 (cf.
2648 4324 2837 4377 Herm.
2868 4328 2942 4378 36

635 4422 694 4473 p.
728 4407 854 4473 302)
1013 4409 1078 4456 19
1117 4404 1176 4456 111
1215 4421 1313 4458 om.
1355 4404 1517 4470 MR,
1555 4420 1668 4456 non
1705 4404 1861 4458 ΡῙΟι
1896 4401 1901 4406 ’
2021 4409 2083 4455 21
2128 4420 2161 4456 a
2199 4402 2348 4455 saltu
2376 4408 2423 4456 Y
2577 4408 2646 4455 22
2682 4403 2941 4473 gebenna

644 4483 797 4552 (geh·
822 4485 895 4550 R)
930 4484 999 4535 M
1003 4482 1280 4537 ⁹TP¹0T
1415 4483 1851 4551 fluminibusque
1881 4488 1939 4536 X
1960 4487 2092 4553 (non
2130 4485 2199 4553 T)
2339 4489 2405 4536 23
2436 4486 2672 4537 centena
2703 4484 2939 4552 Eutrop.
