3325 5209
1252 379 1583 434 TIBERIVS
1622 392 1754 441 [eff.
1787 393 1960 442 14-17]
2634 382 2712 446 12
2717 383 2757 446 9

459 540 657 627 legati
712 542 1032 606 mandatis
1078 542 1378 630 Augusto
1435 544 1682 609 Romae
1734 544 2004 609 redditis
2060 567 2206 609 eum
2270 568 2526 629 quoque
2581 546 2757 611 adire

461 646 528 710 in
592 648 929 732 prouincia
983 650 1157 714 iussi.
1252 652 1364 714 sed
1419 652 1714 716 nuntiata
1775 651 2021 736 Illyrici
2089 652 2447 717 defectione
2503 652 2759 717 transiit

462 755 540 818 ad
587 776 806 819 curam
854 756 1009 820 noui
1054 756 1237 841 belli,
1283 759 1458 840 quod
1502 758 1962 845 grauissimum
2009 760 2299 824 omnium
2345 764 2757 823 externorum

460 860 777 926 bellorum
825 869 974 946 post
1010 862 1270 944 Punica,
1318 888 1433 950 per
1470 867 1838 949 quindecim
1874 867 2162 952 legiones
2198 888 2545 951 paremque
2583 868 2758 932 auxi-

402 992 431 1031 5
460 967 696 1032 liorum
746 972 998 1054 copiam
1054 972 1333 1036 triennio
1380 973 1582 1059 gessit
1629 974 1697 1036 in
1744 974 1996 1061 magnis
2046 974 2334 1038 omnium
2381 996 2594 1039 rerum
2642 974 2757 1037 dif-

460 1075 859 1140 ficultatibus
915 1100 1290 1162 summaque
1344 1080 1606 1166 frugum
1666 1080 1899 1163 inopia.
1980 1085 2044 1144 et
2091 1103 2457 1164 quanquam
2506 1082 2758 1163 saepius
2795 1095 2827 1142 2

460 1188 889 1268 reuocaretur,
935 1189 1150 1250 tamen
1197 1186 1662 1270 perseuerauit,
1709 1190 2000 1251 metuens
2047 1209 2127 1251 ne
2173 1187 2425 1252 uicinus
2473 1191 2538 1251 et
2584 1209 2758 1270 prae-

460 1290 680 1354 ualens
744 1291 951 1356 hostis
1024 1293 1294 1359 instaret
1365 1295 1536 1358 ultro
1604 1292 1994 1359 cedentibus,
2097 1315 2171 1359 ac
2245 1293 2758 1377 perseuerantiae

459 1398 700 1481 grande
737 1400 1017 1482 pretium
1055 1399 1225 1484 tulit,
1263 1404 1403 1465 toto
1441 1399 1726 1484 Illyrico,
1766 1400 1938 1484 quod
1976 1400 2144 1464 inter
2168 1399 2425 1464 Italiam
2461 1422 2756 1487 regnum-

377 1528 433 1567 10
460 1526 584 1587 que
628 1503 940 1569 Noricum
990 1510 1054 1569 et
1089 1506 1431 1572 Thraciam
1470 1511 1535 1571 et
1571 1507 2015 1573 Macedoniam
2057 1509 2349 1591 interque
2387 1507 2756 1571 Danuuium

459 1614 699 1676 fiumen
736 1616 801 1676 et
837 1613 1049 1676 sinum
1087 1613 1282 1677 maris
1312 1613 1670 1679 Hadriatici
1709 1618 1906 1699 patet,
1943 1614 2306 1698 perdomito
2355 1618 2418 1679 et
2456 1615 2524 1678 in
2562 1614 2758 1680 dicio-

459 1740 606 1788 nem
671 1719 947 1784 redactO.
1057 1720 1162 1784 cui
1225 1721 1470 1807 gloriae
1544 1721 1820 1805 amplior
1883 1722 2093 1787 adhuc
2167 1744 2245 1785 ex
2320 1722 2758 1805 oportunitate
2776 1714 2861 1781 17

462 1825 758 1889 cumulus
806 1827 1089 1890 accessit.
1180 1849 1328 1892 nam
1378 1827 1497 1891 sub
1551 1828 1618 1891 id
1663 1829 1797 1892 fere
1844 1833 2099 1912 tempus
2147 1827 2496 1905 Quintilius
2543 1826 2758 1892 Varus

463 1953 607 1996 cum
655 1932 863 1997 tribus
917 1934 1284 2020 legionibus
1331 1936 1398 1999 in
1448 1933 1791 1999 Germania
1836 1936 2058 2019 periit,
2119 1935 2373 1999 nemine
2423 1933 2759 1998 dubitante

376 2060 432 2101 15
464 2039 620 2122 quin
666 2040 945 2104 uictores
995 2039 1296 2104 Germani
1344 2041 1626 2105 iuncturi
1674 2063 1740 2105 se
1778 2030 2128 2105 Pannoniis
2174 2041 2434 2125 fuerint,
2480 2040 2607 2103 nisi
2655 2039 2760 2103 de-

462 2144 773 2209 bellatum
828 2147 1007 2231 prius
1061 2146 1395 2230 Illyricum
1460 2152 1641 2212 esset.
1727 2171 1885 2231 quas
1951 2148 2033 2212 ob
2099 2169 2199 2212 res
2264 2146 2633 2231 triumphus
2698 2146 2759 2210 ei

464 2253 753 2317 decretus
800 2258 897 2317 est
940 2255 1344 2339 multi<que>
1382 2259 1446 2318 et
1491 2257 1713 2342 magni
1749 2255 2042 2320 honores.
2128 2258 2511 2318 censuerunt
2557 2253 2755 2317 etiam
2795 2265 2827 2313 2

462 2360 723 2443 quidam
770 2365 843 2424 ut
888 2359 1314 2447 PannonicuS‚
1360 2361 1472 2425 alii
1519 2365 1592 2425 ut
1637 2361 1946 2446 Inuictus,
1993 2361 2290 2425 nonnulli
2337 2365 2409 2424 ut
2453 2360 2610 2424 Pius
2658 2381 2760 2424 co-

461 2469 963 2554 gnominaretur.
1067 2468 1178 2531 sed
1242 2469 1318 2532 de
1385 2468 1767 2555 cognomine
1832 2468 2193 2532 intercessit
2257 2467 2615 2553 Augustus,
2682 2488 2759 2531 eo

375 2594 435 2634 το
464 2578 837 2639 contentum
887 2576 1370 2660 repromittens,
1428 2575 1599 2659 quod
1648 2598 1714 2639 se
1754 2576 2054 2640 defuncto
2112 2578 2524 2658 suscepturus
2570 2578 2758 2638 esset.

464 2682 865 2766 triumphum
915 2682 1050 2766 ipse
1098 2682 1353 2746 distulit
1398 2686 1642 2747 maesta
1680 2683 1942 2747 ciuitate
1981 2682 2157 2747 clade
2194 2681 2504 2766 Variana3
2551 2680 2758 2745 nihilo

463 2789 677 2853 minus
722 2788 947 2853 urbem
1003 2793 1441 2873 praetextatus
1497 2794 1562 2854 et
1613 2790 1833 2853 laurea
1888 2792 2229 2853 coronatus
2276 2787 2545 2851 intrauit
2589 2789 2759 2872 posi-

442 2900 729 2979 tumque
776 2896 844 2959 in
892 2894 1145 2980 Saeptis
1192 2897 1478 2962 tribunal
1525 2900 1753 2962 senatu
1798 2900 2049 2960 astante
2094 2895 2465 2960 conscendit
2512 2917 2585 2960 ac
2631 2916 2759 2958 me-

464 3003 607 3067 dius
652 3003 822 3071 inter
869 3003 1030 3066 duos
1078 3003 1370 3079 consules
1416 3026 1561 3071 cum
1606 3003 1908 3088 Augusto
1956 3003 2147 3067 simul
2195 3002 2387 3085 sedit3
2435 3000 2603 3064 unde
2648 3023 2762 3085 po-

377 3127 434 3169 25
462 3110 617 3195 pulo
666 3111 1067 3181 consalutato
1115 3111 1356 3174 circum
1403 3110 1644 3197 templa
1692 3110 2001 3181 deductus
2048 3113 2160 3173 est.

605 3346 637 3393 2
682 3339 831 3394 Oros.
875 3341 963 3393 VI
989 3344 1089 3405 21,
1118 3342 1192 3393 25
1257 3339 1409 3406 quod
1464 3353 1522 3391 re
1559 3354 1696 3392 uera
1744 3337 1955 3391 bellum
2011 3337 2425 3405 (Germanicum
2474 3337 2760 3407 intelleyit)

463 3420 769 3472 maximum
825 3421 883 3473 et
927 3418 1513 3473 formidulosissimum
1560 3418 1883 3485 quindecim
1928 3415 2246 3487 legionibus
2300 3433 2402 3485 per
2456 3417 2761 3471 triennium

457 3501 686 3569 gestum
723 3501 833 3567 est,
880 3515 984 3553 nec
1029 3498 1146 3552 fere
1186 3498 1362 3552 ullum
1399 3499 1580 3551 maius
1618 3497 1856 3563 bellum,
1905 3499 2052 3551 sicut
2089 3496 2387 3550 Suetonius
2425 3496 2759 3564 adtestatur‚

458 3581 592 3649 post
627 3580 900 3632 Punicum
940 3579 1063 3631 fuit.
1137 3579 1204 3645 cf.
1247 3580 1523 3633 Einhard.
1556 3583 1625 3632 13
1783 3584 1848 3630 13
1891 3579 2039 3632 Oros
2083 3578 2168 3631 VI
2199 3581 2384 3643 21,26
2421 3577 2524 3630 sub
2565 3576 2762 3630 eodem

460 3676 597 3713 uero
642 3662 893 3727 tempore
930 3657 1235 3723 Quintilius
1272 3658 1454 3711 Varus
1507 3676 1632 3712 cum
1678 3657 1860 3712 tribus
1909 3658 2227 3730 legionibus
2267 3675 2300 3711 a
2338 3656 2629 3711 Germanis
2675 3672 2764 3711 re-

466 3739 825 3806 bellantibus,
861 3740 1006 3793 mira
1043 3739 1306 3808 superbia
1333 3742 1504 3806 atque
1534 3739 1778 3792 auaritia
1814 3738 1874 3791 in
1904 3739 2184 3792 subiectos
2215 3754 2387 3807 agens
2427 3738 2516 3806 (cf.
2549 3738 2762 3792 Florus

462 3820 564 3873 IV
594 3824 682 3884 12,
702 3823 809 3888 31),
847 3818 1102 3873 funditus
1141 3819 1358 3873 deletus
1398 3821 1484 3873 est
1520 3822 1593 3887 (u.
1634 3820 1779 3874 Suet.
1823 3820 1963 3888 Auy.
1992 3822 2106 3887 23).

611 4038 642 4085 2
679 4032 934 4086 iussisset
972 4033 1097 4086 ΜΘ
1258 4038 1292 4084 4
1328 4032 1536 4101 punica
1574 4035 1630 4085 X
1632 4030 1647 4049 '
1688 4038 1739 4086 et
1771 4032 1852 4085 sic
1886 4047 2021 4086 corr.
2057 4031 2135 4085 G⁸
2172 4032 2223 4099 (c
2261 4031 2322 4083 in
2351 4032 2404 4084 L
2441 4036 2760 4099 expuncta),

462 4113 673 4184 punica
692 4114 765 4166 M
766 4113 817 4166 G
826 4113 917 4182 ¹(9)
927 4115 987 4178 T,
1005 4112 1279 4166 Punicum
1300 4113 1448 4167 Oros.
1537 4119 1571 4165 4
1589 4114 1921 4181 patremque
1937 4112 2012 4163 M
2096 4116 2127 4163 8
2148 4109 2368 4164 **ultro
2388 4112 2467 4177 (et
2484 4110 2673 4179 era8.?>
2692 4112 2768 4165 M

471 4198 536 4246 10
566 4192 876 4246 danubium
896 4195 948 4245 ,Ω
967 4199 1018 4246 et
1042 4193 1160 4246 edd.
1257 4198 1319 4245 11
1353 4191 1616 4246 adriatici
1640 4191 1977 4261 GHQPS²T
2066 4196 2131 4243 13
2162 4191 2312 4244 idem
2333 4191 2509 4244 Polak
2599 4191 2761 4257 quin-

462 4273 624 4326 tilius
646 4275 699 4326 Π
706 4271 846 4342 01⁷²,
883 4272 1067 4326 ·tillus
1087 4272 1284 4341 (-tinus
1306 4273 1398 4341 1⁷¹)
1418 4274 1511 4326 rel.
1626 4278 1691 4325 17
1722 4273 1808 4325 est
1834 4271 2111 4339 multique
2131 4288 2164 4330 ς
2193 4271 2331 4340 (edd.
2358 4270 2599 4340 Gryphii
2623 4288 2759 4325 saec.

468 4355 637 4419 XVI,
674 4353 872 4408 ‘notaui
898 4370 965 4407 ex
992 4353 1070 4406 ed.
1102 4353 1283 4422 Luqd.
1314 4371 1365 4407 a.
1399 4357 1577 4421 1544),
1617 4354 1675 4406 et
1703 4352 1864 4405 multi
1893 4352 2202 4421 Stephanus
2229 4350 2414 4419 (multi
2436 4382 2502 4391 --
2522 4351 2761 4404 honores

459 4441 715 4503 suspecta
743 4434 1013 4502 Bentleio)
1128 4437 1197 4486 20
1227 4431 1434 4505 <fo>re
1462 4433 1795 4501 promittens
1826 4433 2057 4503 Bentley
2094 4438 2143 4486 et
2170 4431 2423 4500 Madvig,
2460 4432 2528 4499 cf.
2565 4432 2699 4486 Otho
2728 4434 2763 4483 4

465 4519 534 4569 23
581 4515 641 4567 in
680 4516 879 4568 senatu
912 4513 1064 4568 MG¹
1101 4513 1180 4582 (in
1217 4529 1351 4567 eras.
1392 4514 1455 4566 in
1488 4513 1539 4566 G
1574 4531 1642 4566 m.
1674 4514 1927 4582 antiqua)
2075 4517 2142 4565 24
2180 4510 2313 4564 inde
2341 4511 2442 4567 Μ’

573 4613 845 4654 svm-omn
874 4613 943 4652 ed.
972 4613 1105 4653 Ihm.
1159 4614 1197 4652 Ι.
2299 4604 2330 4651 9
