3325 5209
553 380 682 443 212
1249 376 1303 431 e.
1347 374 1658 430 svmom
1698 375 2144 440 TRANQVILLI

552 563 758 625 neque
786 545 1166 625 temptatam
1196 540 1314 604 ulli
1342 544 1491 623 post
1519 539 1762 602 Diuum
1792 537 2031 602 Iulium
2071 543 2136 602 et
2162 547 2318 603 tunc
2346 540 2847 603 tumultuantem

483 665 514 712 2
556 650 639 712 ob
671 671 828 737 non
889 648 1173 731 redditos
1235 646 1619 732 transfugas.
1718 644 1847 710 huc
1906 667 2053 709 cum
2114 646 2193 710 ab
2256 644 2438 711 Ostia
2496 647 2849 731 nauigaret,

555 755 919 818 uehementi
959 754 1152 818 circio
1191 754 1293 817 bis
1339 774 1539 837 paene
1583 753 1908 816 demersus
1956 756 2072 834 est,
2108 774 2310 836 prope
2344 752 2676 838 Liguriam
2714 753 2849 815 iux-

554 842 751 952 taque
817 859 1294 944 Sto<e>chadas
1360 860 1619 923 insulas
1723 881 1919 942 quare
1985 883 2021 923 a
2084 859 2372 923 Massilia
2438 857 2850 923 Gesoriacum

558 989 758 1050 usque
813 967 1093 1050 pedestri
1150 967 1378 1030 itinere
1434 966 1726 1030 confecto
1785 965 1931 1029 inde
1987 965 2348 1029 transmisit
2403 987 2477 1029 ac
2532 968 2668 1030 sine
2713 966 2850 1030 ullo
2906 989 2930 1029 5

555 1074 803 1157 proelio
851 1078 963 1137 aut
1010 1075 1322 1160 sanguine
1379 1073 1549 1136 intra
1605 1073 2042 1156 paucissimos,
2080 1072 2213 1136 dies
2261 1077 2443 1155 parte
2491 1072 2739 1137 insulae
2786 1074 2848 1135 in

559 1180 949 1244 deditionem
995 1185 1265 1263 recepta,
1316 1184 1497 1243 sexto
1547 1201 1739 1263 quam
1781 1178 2108 1261 profectus
2148 1182 2286 1242 erat
2323 1200 2540 1243 mense
2579 1178 2851 1243 Romam

492 1306 522 1349 3
561 1287 754 1350 rediit
809 1287 1364 1370 triumphauitque
1419 1286 1702 1349 maximo
1762 1290 2090 1368 apparatu.
2176 1285 2256 1349 ad
2302 1285 2483 1349 cuius
2532 1290 2853 1368 spectacu-

558 1393 693 1456 lum
742 1415 1099 1458 commeare
1139 1394 1203 1456 in
1249 1392 1470 1456 urbem
1511 1414 1643 1456 non
1683 1392 1892 1455 solum
1930 1391 2332 1474 praesidibus
2370 1394 2852 1474 prouinciarum

559 1501 868 1584 permisit,
915 1522 1140 1563 uerum
1187 1502 1380 1563 etiam
1426 1498 1722 1562 exulibus
1762 1498 2173 1583 quibusdam3
2222 1503 2413 1581 atque
2450 1500 2619 1562 inter
2654 1497 2853 1563 hosti-
2884 1523 2934 1561 ιο

560 1606 646 1669 lia
702 1607 909 1690 spolia
965 1606 1259 1670 naualem
1318 1627 1619 1670 coronam
1676 1606 1939 1691 fastigio
1996 1604 2325 1669 Palatinae
2383 1605 2609 1668 domus
2673 1606 2854 1669 iuxta

562 1715 832 1779 ciuicam
878 1714 1041 1797 fixit,
1089 1713 1340 1777 traiecti
1378 1718 1443 1776 et
1480 1714 1663 1795 quasi
1703 1713 1931 1776 domiti
1970 1710 2206 1776 Oceani
2243 1714 2510 1796 insigne.
2595 1734 2852 1777 currum

563 1823 700 1884 eius
729 1820 1075 1884 Messalina
1120 1841 1284 1883 uxor
1323 1823 1625 1902 carpento
1668 1823 1885 1884 secuta
1923 1823 2046 1903 est3
2096 1819 2294 1883 secuti
2338 1823 2401 1883 et
2438 1817 2856 1901 triumphalia

562 1931 938 1991 ornamenta
984 1926 1206 1990 eodem
1256 1926 1429 1990 bello
1477 1926 1709 2009 adepti,
1757 1925 1868 1989 sed
1916 1927 2109 1989 ceteri
2155 1925 2427 2008 pedibus
2475 1929 2539 1989 et
2575 1926 2643 1988 in
2681 1947 2856 2008 prae-

564 2038 766 2117 texta,
812 2034 896 2096 M.
939 2032 1204 2098 Crassus
1252 2033 1452 2119 Frugi
1510 2054 1679 2116 equo
1726 2031 2060 2115 phalerato
2109 2034 2173 2095 et
2219 2034 2286 2095 in
2332 2036 2511 2096 ueste
2557 2032 2857 2116 palmata,
2888 2053 2936 2093 15

567 2141 740 2223 quod
786 2163 932 2205 eum
979 2141 1291 2203 honorem
1340 2141 1700 2204 iterauerat.

463 2245 553 2311 18
744 2246 941 2310 Vrbis
989 2267 1405 2329 annonaeque
1452 2268 1666 2309 curam
1718 2244 2178 2313 sollicitissime
2216 2266 2466 2329 semper
2503 2246 2653 2331 egit.
2715 2268 2858 2327 cum

564 2352 924 2418 Aemiliana
969 2353 1359 2436 pertinacius
1406 2354 1720 2436 arderent,
1765 2354 1833 2416 in
1873 2352 2237 2416 diribitorio
2278 2352 2525 2415 duabus
2561 2353 2860 2441 noctibus

566 2461 801 2523 mansit
848 2481 920 2523 ac
968 2460 1301 2523 deficiente
1349 2459 1628 2523 militum
1669 2480 1742 2523 ac
1779 2458 2171 2522 familiarum
2218 2459 2407 2523 turba
2445 2458 2684 2522 auxilio
2733 2458 2860 2542 ple-

565 2567 712 2630 bem
758 2588 874 2650 per
921 2568 1336 2652 magistratus
1385 2588 1463 2630 ex
1512 2567 1812 2630 omnibus
1869 2567 2031 2629 uicis
2081 2567 2464 2629 conuocauit
2512 2587 2584 2629 ac
2628 2566 2858 2649 positis
2890 2588 2940 2650 ες)

570 2677 716 2737 ante
778 2695 844 2737 se
907 2695 1051 2736 cum
1112 2674 1383 2756 pecunia
1439 2674 1613 2736 fiscis
1675 2673 1757 2736 ad
1817 2672 2326 2736 subueniendum
2384 2672 2683 2735 hortatus
2748 2677 2860 2754 est,

498 2796 529 2842 2
571 2762 1053 2863 repraesentans
1119 2802 1238 2864 pro
1297 2801 1490 2863 opera
1547 2781 1806 2867 dignam
1871 2780 2100 2863 cuique
2159 2779 2533 2842 mercedem.
2625 2780 2862 2842 artiore

571 2891 785 2950 autem
835 2908 1088 2950 annona
1135 2887 1217 2949 ob
1267 2887 1555 2950 assiduas
1604 2885 1979 2950 sterilitates
2029 2887 2322 2949 detentus
2372 2886 2692 2969 quondam
2736 2906 2861 2948 me·

571 2993 677 3056 dio
724 2993 867 3057 foro
918 3015 954 3055 a
1001 2994 1193 3057 turba
1239 2994 1677 3076 conuiciisque
1725 2997 1788 3057 et
1826 2992 2020 3056 simul
2065 2992 2495 3078 fragminibus
2541 2992 2724 3074 panis
2773 2993 2864 3055 ita

571 3100 931 3184 infestatuS,
979 3104 1050 3163 ut
1097 3121 1284 3184 aegre
1328 3122 1446 3164 nec
1491 3101 1617 3164 nisi
1666 3100 1915 3183 postico
1964 3099 2230 3163 euadere
2279 3099 2345 3161 in
2391 3097 2711 3163 Palatium
2756 3120 2861 3160 ua·
2893 3118 2944 3158 25

567 3206 780 3291 luerit,
825 3206 992 3270 nihil
1037 3229 1167 3270 non
1216 3207 1749 3293 ex[eo]cogitauit
1797 3206 1877 3269 ad
1913 3205 2308 3291 inuehendos
2348 3206 2539 3269 etiam
2577 3208 2866 3288 tempore

569 3314 839 3378 hiberno
888 3317 1299 3378 commeatus,
1382 3335 1531 3376 nam
1590 3316 1653 3375 et
1710 3311 2222 3397 negotiatoribus
2281 3316 2454 3377 certa
2498 3311 2677 3376 lucra
2723 3333 2866 3395 pro-

752 3531 817 3578 22
860 3527 1042 3578 Victor
1076 3524 1220 3577 Caes.
1252 3528 1303 3590 4,
1325 3528 1358 3576 3
1398 3524 1583 3575 adhuc
1621 3539 1876 3576 annonae
1915 3526 2134 3591 egestas
2175 3523 2502 3592 composita.
2573 3523 2721 3576 Oros.
2756 3523 2878 3575 VII

573 3611 625 3671 6,
655 3610 727 3658 17
765 3604 1022 3672 sequenti
1060 3620 1207 3655 anno
1246 3605 1408 3656 tanta
1444 3602 1621 3656 fames
1659 3603 1871 3656 Romae
1908 3602 2033 3670 fuit,
2082 3605 2145 3655 ut
2181 3603 2368 3656 medio
2405 3602 2527 3655 foro
2564 3602 2871 3671 imperator

574 3686 859 3753 correptus
900 3701 933 3736 a
970 3684 1181 3753 populo
1221 3682 1489 3736 conuiciis
1529 3686 1587 3737 et
1622 3683 1996 3751 fragminibus
2026 3683 2189 3752 panis
2218 3682 2541 3752 turpissime
2570 3681 2867 3735 infestatus

576 3781 744 3834 aegre
780 3781 881 3833 per
917 3763 1361 3832 pseudothyrum
1398 3764 1458 3815 in
1494 3763 1780 3816 Palatium
1825 3762 2110 3832 refugiens
2148 3762 2392 3816 furorem
2433 3761 2712 3814 excitatae
2749 3761 2869 3829 ple-

573 3846 663 3899 bis
702 3844 960 3898 euaserit.

720 4031 749 4077 2
791 4023 886 4094 ab]
925 4024 997 4075 ad
1041 4023 1092 4076 G
1129 4022 1335 4091 (hostia
1371 4023 1522 4076 codd.
1547 4030 1766 4089 praeter
1800 4020 2048 4091 GHP82)
2235 4027 2267 4073 4
2307 4020 2650 4074 Stoechadas
2688 4037 2722 4078 ς
2769 4019 2869 4087 (ed.

588 4108 714 4160 Ven.
730 4106 859 4174 pou),
889 4102 1188 4156 stochadas
1212 4102 1400 4169 MGT,
1433 4104 1615 4154 stoca-
1645 4105 1704 4153 X
1805 4119 1838 4154 a
1876 4100 2024 4169 (add.
2056 4103 2118 4154 in
2140 4103 2215 4155 M
2228 4118 2294 4153 m.
2318 4103 2370 4169 1)
2400 4101 2501 4154 del.
2526 4101 2795 4153 Graevius

577 4184 957 4253 gessoriacum
986 4187 1052 4249 X,
1080 4185 1205 4250 fort.
1244 4184 1401 4236 scrib.
1434 4180 1667 4235 Gaesor-
1814 4187 1843 4234 6
1884 4199 1950 4234 ac
1993 4182 2142 4236 Oros.
2293 4187 2355 4233 12
2395 4180 2630 4233 traiecto
2672 4178 2881 4232 ML¹P

582 4270 646 4317 13
686 4266 876 4316 secuta
913 4264 1024 4317 L‘I‘
1203 4268 1267 4315 14
1307 4264 1502 4330 ptexta
1531 4260 1603 4314 M.
1648 4261 1700 4314 G
1738 4262 1958 4331 (admisi
2002 4261 2363 4329 dubitanter),
2407 4260 2758 4327 praetextam
2790 4260 2876 4324 M,

579 4344 835 4412 pretexta
856 4346 913 4394 X
926 4343 1143 4410 (eodem
1163 4359 1330 4411 usque
1349 4341 1603 4410 palmata
1623 4358 1723 4394 om.
1750 4344 1821 4408 T)
1924 4346 1992 4393 20
2011 4341 2310 4409 magistros
2330 4341 2561 4407 Lipsius
2650 4343 2719 4390 24
2749 4356 2877 4392 con-

580 4422 745 4475 uiciis
779 4423 829 4475 G
986 4423 1068 4475 ita
1106 4440 1204 4475 om.
1242 4422 1293 4475 G
1454 4427 1521 4474 26
1561 4421 1908 4490 excogitauit
1949 4422 2063 4488 Τς,
2122 4437 2189 4473 ex
2235 4436 2299 4473 eo
2348 4436 2544 4488 excog-
2585 4436 2642 4485 ς,
2699 4435 2766 4472 ex
2813 4435 2877 4471 eo

583 4501 827 4571 agitauit
866 4501 1095 4572 Bentley
1267 4502 1634 4554 inueniendos
1674 4501 1780 4553 XR
