3325 5209
642 443 728 507 52
806 515 817 532 ⁴
878 489 889 502 ,
1096 461 1103 468 ·
1336 443 1392 497 C.
1433 443 1750 497 SVETONI
1786 443 2232 508 TRANQVILLI

580 559 627 584 μ,
670 527 775 576 &⁸²⁰
1502 559 1507 566 -
1596 553 1609 582 ⁸.
1671 545 1684 572 t
1717 529 1736 572 Ι

643 604 762 670 Gai
809 604 1096 670 Caesaris
1143 610 1206 669 et
1252 604 1479 669 deinde
1512 537 1806 691 ‘Augusti
1854 628 2213 692 cognomen
2258 607 2622 691 assumpsit,
2668 607 2946 672 alterum

639 716 1024 777 testamento
1071 712 1333 776 maioris
1369 713 1692 797 auunculi,
1739 714 2012 777 alterum
2050 713 2305 777 Munati
2340 712 2565 778 Planci
2608 715 2944 797 sententia,

643 841 788 884 cum
827 818 1210 903 quibusdam
1248 819 1658 884 censentibus
1686 819 2037 884 Romulum
2074 819 2386 904 appellari
2424 825 2720 904 oportere
2758 822 2945 905 quasi

643 930 708 989 et
751 926 967 1009 ipsum
1015 925 1415 990 conditorem
1461 926 1661 1010 urbiS,
1708 926 2189 1010 praeualuisset,
2234 930 2309 990 ut
2346 926 2681 1014 Augustus
2721 926 2945 1011 potius

641 1035 1007 1117 uocaretur,
1062 1054 1192 1097 non
1250 1019 1504 1096 tantum
1548 1054 1723 1097 nouo
1774 1033 1885 1096 sed
1931 1034 2125 1097 etiam
2180 1033 2496 1117 ampliore
2544 1033 2943 1120 cognomine,
3003 1058 3030 1097 5

644 1138 820 1222 quod
862 1138 1006 1203 loca
1054 1160 1315 1222 quoque
1363 1140 1666 1226 religiosa
1713 1144 1778 1204 et
1822 1139 1891 1204 in
1941 1140 2178 1222 quibus
2225 1144 2539 1226 augurato
2591 1140 2748 1224 quid
2794 1162 2941 1206 con-

640 1250 929 1309 secratur
993 1251 1266 1331 augusta
1330 1246 1655 1329 dicantur,
1722 1247 1804 1310 ab
1873 1251 2066 1310 auctu
2139 1248 2245 1311 uel
2319 1247 2399 1311 ab
2470 1248 2688 1311 auium
2752 1252 2940 1333 gestu

639 1356 937 1439 gustuue,
984 1353 1150 1416 sicut
1198 1351 1393 1416 etiam
1436 1352 1685 1416 Ennius
1732 1353 1922 1436 (ann.
1960 1356 2090 1417 502
2121 1350 2259 1437 V.2>
2306 1352 2493 1417 docet
2539 1353 2848 1418 scribens:

671 1476 1037 1561 -Augusto
1068 1478 1394 1564 augurio
1421 1482 1834 1562 postquam
1873 1478 2172 1542 incluta
2200 1477 2514 1542 condita
2542 1477 2777 1543 Roma
2806 1485 2938 1544 est.

326 1612 388 1668 5⁴·
410 1611 453 1678 ,f
494 1615 497 1626 *
573 1599 614 1665 8
824 1601 1209 1677 Quadrimus
1273 1606 1524 1685 patrem
1589 1601 1824 1667 amisit.
1926 1602 2369 1667 duodecimum
2435 1625 2676 1667 annum
2740 1626 2936 1690 agens
2966 1628 3025 1666 10

643 1708 854 1772 auiam
899 1707 1133 1771 Iuliam
1182 1707 1547 1772 defunctam
1600 1730 1718 1793 pro
1774 1710 2072 1774 contione
2117 1708 2426 1773 laudauit.
2518 1709 2935 1794 quadriennio

640 1818 792 1898 post
837 1814 1013 1878 uirili
1068 1819 1224 1901 toga
1280 1819 1539 1898 sumpta
1583 1814 1974 1879 militaribus
2032 1815 2216 1880 donis
2264 1815 2594 1900 triumpho
2646 1814 2936 1882 Caesaris

318 1955 377 1992 ι».
408 1957 415 1966 ⁴
464 1939 517 1982 ff*-
641 1920 946 1986 Africano
994 1922 1268 1987 donatus
1308 1925 1423 2005 est,
1470 1944 1839 2006 quanquam
1878 1944 2103 2005 expers
2141 1921 2295 1988 belli
2334 1926 2600 2007 propter
2645 1927 2936 1987 aetatem.

641 2027 1001 2112 profectum
1048 2051 1201 2093 mox
1248 2028 1637 2093 auunculum
1684 2029 1753 2092 in
1788 2027 2135 2113 Hispanias
2175 2028 2481 2092 aduersus
2521 2026 2631 2092 Cn.
2668 2028 2936 2114 Pompei

640 2135 879 2200 liberos
917 2134 1182 2199 uixdum
1220 2136 1442 2199 firmus
1481 2157 1519 2198 a
1554 2135 1742 2222 graui
1782 2135 2140 2199 ualitudine
2176 2158 2293 2219 per
2329 2135 2597 2199 infestas
2635 2136 2935 2200 hostibus
2965 2158 3017 2198 ιε

642 2382 912 2436 obtulisse
952 2382 1002 2435 ei
1040 2383 1152 2435 tria
1184 2381 1429 2449 nomina,
1460 2379 1680 2444 Quirini
1718 2381 1930 2449 (Cyrini
1965 2398 2098 2449 pars
2136 2382 2328 2451 codd),
2365 2381 2625 2451 Augusti,
2665 2381 2935 2437 Caesaris.

640 2462 754 2529 ille,
792 2480 862 2514 ne
899 2480 1073 2514 unum
1112 2461 1372 2531 eligendo
1414 2461 1556 2513 alias
1595 2461 1905 2515 offenderet
1940 2464 2145 2530 partes,
2184 2461 2366 2531 primo
2398 2460 2661 2525 Quirinus
2699 2465 2785 2515 est
2821 2463 2936 2516 dic—

640 2545 749 2608 tus,
787 2542 919 2595 inde
960 2541 1176 2606 Caesar,
1217 2542 1347 2610 post
1375 2541 1434 2592 in
1463 2541 1688 2594 nomine
1716 2543 2029 2610 permansit
2057 2541 2319 2612 Augusti.
2396 2543 2465 2608 cf.
2505 2543 2648 2612 Lyd.
2679 2544 2745 2597 de
2770 2561 2934 2597 mens,

640 2627 692 2687 4,
724 2627 795 2676 72
842 2626 921 2690 (p.
955 2627 1063 2675 150
1094 2623 1197 2691 W.)
1254 2623 1351 2675 καὶ
1402 2617 1565 2682 οὗτος
1613 2620 1677 2676 δὲ
1730 2620 1758 2674 ὁ
1797 2622 2116 2692 Αὔγουστος
2153 2626 2397 2690 Καῖσαρ,
2452 2620 2578 2685 υἱὸς
2624 2619 2936 2694 Ὀκταβίου,

634 2699 999 2772 Ὀκταβιανὸς
1026 2700 1300 2770 πρότερον
1330 2702 1575 2755 ἐκαλεῖτο
1607 2744 1618 2755 .
1645 2745 1655 2755 .
1681 2745 1692 2755 .
1723 2702 1858 2771 μετὰ
1879 2701 2028 2774 (δὲ)
2044 2701 2113 2755 τὰ
2143 2702 2318 2755 πολλὰ
2348 2704 2445 2755 καὶ
2474 2702 2686 2772 μεγάλα
2717 2701 2935 2758 ἐκείνου

638 2779 885 2848 τρόπαια
922 2784 1146 2841 πολλοῖς
1184 2779 1459 2849 ὀνόμασιν
1501 2781 1745 2850 ἐτιμᾶτο·
1787 2780 1842 2834 οἱ
1879 2780 1980 2850 μὲν
2018 2780 2123 2851 γὰρ
2163 2781 2336 2834 αὐτὸν
2367 2779 2656 2851 ὠνόμαζον
2687 2787 2935 2850 Κυρῖνον

643 2861 817 2916 οἱονεὶ
847 2858 1143 2929 Ῥωμύλον,
1184 2860 1336 2914 ἄλλοι
1374 2857 1652 2928 Καίσαρα,
1691 2859 1866 2932 ψήφῳ
1910 2861 1970 2914 δὲ
2009 2868 2171 2931 κοινῇ
2210 2870 2322 2914 τῶν
2362 2861 2665 2933 ἀρχιερέων
2702 2864 2798 2917 καὶ
2836 2870 2938 2930 τῆς

641 2944 844 3009 βουλῆς
880 2941 1205 3011 Αὔγουστος
1254 2939 1552 3008 ἐπεκλήθη.
1702 2947 1729 2993 1
1793 2941 1973 2994 Victor
2021 2942 2169 2995 Caes.
2205 2946 2262 3007 1,
2295 2947 2324 2993 1
2373 2940 2717 2995 Octauianus
2772 2946 2935 3012 patre

642 3020 877 3075 Octauio
928 3024 1098 3088 atque
1146 3021 1450 3089 adoptione
1494 3021 1688 3089 magni
1737 3020 2001 3073 auunculi
2054 3019 2307 3075 Caesaris
2356 3038 2423 3074 ac
2467 3039 2597 3076 mox
2642 3039 2934 3091 procerum

641 3102 894 3156 consulto
934 3102 1004 3155 ob
1042 3102 1339 3154 uictoriam
1384 3102 1634 3169 partium
1675 3101 1895 3169 placide
1944 3101 2245 3154 exercitam
2287 3101 2527 3171 Augusti
2564 3105 2933 3171 cognomento

641 3183 840 3236 dictust.
917 3182 1071 3250 Epit.
1104 3187 1163 3248 1,
1192 3186 1229 3235 2
1276 3181 1580 3249 adoptione
1622 3223 1633 3234 .
1669 3226 1678 3234 .
1714 3224 1723 3235 .
1766 3180 1821 3234 C.
1864 3180 2117 3234 Caesaris
2169 3180 2398 3234 maioris
2447 3182 2713 3235 auunculi
2760 3181 2934 3236 Gaius

641 3262 844 3316 Caesar
873 3262 1072 3326 dictus,
1105 3261 1309 3315 deinde
1338 3261 1408 3313 ob
1437 3260 1734 3314 uictoriam
1764 3261 2048 3331 Augustus
2080 3261 2506 3331 cognominatus
2537 3264 2636 3314 est.
2694 3262 2931 3331 Eutrop.

652 3345 776 3397 VII
804 3349 833 3395 1
875 3342 1221 3395 Octauianus
1263 3384 1272 3394 .
1308 3386 1317 3396 .
1352 3384 1361 3393 .
1404 3340 1656 3394 Caesaris
1705 3358 1905 3410 nepos,
1954 3358 2122 3409 quem
2159 3341 2255 3394 ille
2294 3343 2633 3395 testamento
2670 3341 2934 3397 heredem

639 3423 945 3489 reliquerat
1000 3426 1057 3476 et
1112 3438 1314 3475 nomen
1371 3439 1531 3474 suum
1588 3420 1732 3474 ferre
1792 3421 2033 3474 iusserat
2085 3422 2172 3490 (cf.
2213 3422 2322 3476 Iul.
2354 3425 2465 3490 83).
2549 3421 2643 3474 hic
2699 3424 2785 3475 est
2835 3423 2935 3491 qui

637 3506 836 3572 postea
875 3503 1162 3570 Augustus
1193 3505 1278 3555 est
1307 3501 1489 3554 dictus
1520 3503 1577 3554 et
1605 3518 1790 3553 rerum
1819 3501 2033 3570 potitus
2072 3502 2160 3569 (cf.
2199 3502 2348 3555 Oros.
2375 3502 2461 3554 VI
2483 3505 2572 3568 18,
2595 3504 2663 3570 1).
2720 3504 2929 3556 Auso‘n.

637 3587 768 3648 262,
790 3589 819 3635 1
854 3581 1139 3649 octauum,
1169 3582 1318 3636 idem
1350 3581 1552 3635 Caesar
1580 3583 1637 3634 et
1664 3580 1908 3650 Augusti
1938 3582 2161 3634 nomine
2189 3581 2447 3635 nobilior.
2594 3586 2629 3632 4
2658 3582 2813 3649 Epit.
2837 3587 2931 3648 1,1

644 3662 731 3714 uel
771 3662 1035 3715 sanctiori
1065 3662 1288 3715 nomine
1315 3662 1570 3731 Augusto
1601 3660 1905 3729 appellato.
1965 3662 2109 3731 Lyd.
2141 3664 2205 3715 de
2233 3679 2395 3714 metm.
2418 3665 2467 3729 4,
2493 3665 2565 3714 72
2594 3664 2670 3730 (p.
2693 3667 2796 3716 151
2827 3663 2931 3731 W.)

639 3742 967 3809 Αὔγουστον
1006 3741 1067 3795 δὲ
1106 3741 1159 3795 οἱ
1183 3739 1445 3811 Ῥωμαῖοι
1482 3741 1625 3795 κατὰ
1663 3741 1766 3809 τὴν
1804 3741 2043 3810 πάτριον
2083 3739 2360 3811 σημασίαν
2400 3744 2630 3795 καλοῦσι
2666 3742 2764 3796 τὸν
2801 3740 2928 3794 κατ’

641 3821 846 3874 οἰωνὸν
884 3822 981 3874 καὶ
1016 3825 1171 3875 θεῶν
1219 3818 1530 3891 μαρτυρίαν
1578 3820 1970 3891 προαγόμενον
2018 3821 2097 3883 εἰς
2135 3818 2437 3893 βασιλείαν.
2512 3823 2581 3888 cf.
2621 3823 2756 3876 Isid.
2796 3823 2930 3891 oriy.

639 3901 737 3954 IX
772 3905 821 3966 3,
853 3906 925 3954 16

784 4094 812 4140 1
854 4088 960 4141 Gai
988 4089 1087 4141 del.
1114 4089 1344 4142 Casaub.
1491 4088 1744 4142 Caesaris
1767 4090 2053 4162 (nomen)
2075 4090 2308 4159 Bentley
2452 4095 2485 4142 4
2522 4086 2934 4157 praeualuisset

638 4168 883 4237 LPhSQ,
919 4167 1115 4221 -luisse
1152 4169 1246 4222 rel.
1277 4175 1328 4222 et
1355 4167 1434 4222 Ρ*
1577 4173 1609 4220 5
1646 4171 1871 4223 tantum
1909 4187 1941 4228 ς
1978 4171 2310 4238 (Εναετηαεᾋ
2348 4173 2422 4230 οῦ,
2453 4168 2598 4237 MQ,
2637 4172 2706 4221 cii
2749 4168 2929 4237 GHR,

640 4256 735 4301 eni
766 4250 826 4313 V,
864 4249 1052 4301 autem
1090 4252 1167 4313 X,
1206 4247 1387 4301 solum
1424 4265 1451 4301 e
1486 4249 1599 4302 cod.
1635 4249 1821 4303 Ouiae.
1861 4252 2108 4316 affertur,
2145 4266 2245 4303 om.
2277 4251 2312 4302 ὃ
2459 4253 2489 4300 6
2529 4249 2681 4316 quod
2717 4247 2842 4302 loca
2862 4280 2930 4289 —

638 4328 818 4380 Roma
856 4330 941 4380 est
978 4329 1078 4382 del.
1121 4329 1473 4398 Canneyieter
1511 4328 1705 4396 (om,
1743 4331 1909 4398 Roth)
2073 4334 2101 4381 7
2143 4329 2214 4383 ab
2262 4331 2430 4382 auctu
2453 4359 2519 4368 —
2541 4332 2783 4398 gustuue
2829 4330 2927 4384 del.

643 4408 877 4476 Gujetus
995 4409 1123 4460 actu
1148 4407 1294 4475 QRs
1422 4413 1454 4461 9
1493 4408 1712 4477 augirio
1737 4411 1810 4463 M
1920 4409 2135 4471 incluta
2167 4410 2217 4463 V
2239 4408 2460 4479 (induta
2489 4411 2561 4477 ὃ),
2598 4408 2814 4478 inclyta
2844 4411 2929 4476 Μ,

637 4487 836 4541 inclita
873 4487 1016 4554 (ind-
1060 4488 1125 4556 Q)
1162 4489 1256 4542 rel.
1418 4492 1483 4539 10
1524 4488 1820 4541 duodecim
1860 4490 1980 4556 M1,
2019 4489 2297 4542 decimum
2328 4489 2579 4543 Valesius
2615 4490 2704 4558 (cf.
2741 4490 2926 4560 Quint.

638 4571 763 4622 inst.
795 4568 930 4621 XII
964 4569 1088 4635 6,1)
1238 4573 1303 4621 13
1342 4583 1537 4636 expers
1576 4584 1675 4621 om.
1721 4569 1772 4622 G
1919 4577 1982 4624 15
2020 4570 2115 4622 uix
2150 4573 2271 4623 tum
2308 4572 2370 4622 H
2377 4570 2432 4623 R
