3325 5209
1287 417 1585 472 TIBERIV
1587 417 1622 472 S
1663 430 1795 479 [cn.
1827 430 1948 479 1-2]
2642 420 2769 483 119

468 583 861 667 sepulturam
903 583 1022 647 sub
1062 581 1382 667 Capitolio
1423 581 1680 666 publice
1717 583 1979 666 accepit.
2047 582 2345 666 deinceps
2383 583 2768 665 procedente
2806 600 2838 646 2

466 693 754 773 tempore
809 688 1288 774 duodetriginta
1334 691 1734 773 consulatue,
1791 689 2141 753 dictaturas
2190 689 2502 774 quinque,
2550 710 2767 754 censu-

466 818 569 859 ras
618 800 890 880 septem,
945 796 1309 880 triumphos
1357 818 1494 877 sex,
1551 795 1708 859 duas
1757 795 2090 860 ouationes
2146 795 2376 880 adepta
2423 800 2536 861 est.
2621 818 2766 861 cum

467 903 989 986 praenominibus
1059 902 1683 988 cognominibusque
1741 902 1938 967 uariis
2014 903 2544 988 distingueretur,
2608 902 2769 967 Luci

415 1035 439 1073 5
467 1031 858 1094 praenomen
920 1030 1234 1073 consensu
1297 1010 1690 1093 repudiauit,
1754 1013 2100 1093 postquam
2164 1031 2200 1073 e
2256 1010 2507 1073 duobus
2564 1011 2768 1095 genti-

466 1116 637 1180 libus
692 1115 998 1201 praeditis
1060 1138 1135 1179 eo
1186 1116 1346 1180 alter
1398 1116 1747 1198 latrocinii,
1807 1116 2015 1180 caedis
2065 1116 2225 1180 alter
2272 1117 2605 1182 conuictus
2656 1120 2767 1180 est.

466 1223 635 1287 inter
691 1223 1076 1309 cognomina
1133 1227 1344 1286 autem
1401 1226 1466 1286 et
1520 1221 1800 1286 Neronis
1858 1224 2234 1306 assumpsit,
2291 1223 2523 1308 quo[d]
2572 1223 2768 1308 signi-

466 1330 696 1395 ficatur
739 1330 962 1414 lingua
1011 1328 1248 1393 Sabina
1293 1329 1483 1394 fortis
1531 1351 1604 1393 ac
1651 1333 1967 1394 strenuus.

644 1436 850 1501 Multa
890 1439 1240 1500 multorum
1279 1434 1692 1500 Claudiorum
1734 1438 1994 1523 egregia
2029 1437 2279 1519 merita,
2328 1437 2532 1500 multa
2568 1437 2766 1500 etiam
2798 1433 2839 1497 2

388 1567 439 1607 10
470 1544 727 1628 sequius
776 1544 1053 1608 admissa
1100 1544 1168 1606 in
1211 1565 1348 1606 rem
1396 1566 1455 1627 p.
1504 1546 1742 1606 extant.
1826 1543 1936 1608 sed
1982 1547 2056 1607 ut
2102 1543 2447 1627 praecipua
2495 1565 2768 1608 comme·

466 1672 728 1735 morem,
774 1648 1028 1734 Appius
1077 1647 1315 1713 Caecus
1363 1650 1733 1713 societatem
1780 1672 1925 1715 cum
1974 1672 2124 1735 rege
2169 1649 2373 1733 Pyrro
2421 1653 2495 1713 ut
2540 1671 2767 1733 parum

468 1757 786 1822 salubrem
835 1757 985 1819 iniri
1032 1754 1351 1820 dissuasit.
1439 1754 1743 1820 Claudius
1784 1754 2041 1819 Caudex
2079 1757 2324 1840 primus
2360 1757 2526 1844 freto
2569 1758 2770 1821 classe

465 1864 734 1928 traiecto
781 1863 1034 1926 Poenos
1083 1862 1306 1928 Sicilia
1352 1861 1616 1947 expulit.
1700 1861 1937 1926 †'l'ibus
1974 1861 2148 1927 Nero
2197 1863 2641 1927 aduenientem
2691 1886 2769 1928 ex

466 1969 784 2054 Hispania
849 1990 991 2033 cum
1064 1968 1434 2054 ingentibus
1504 1969 1709 2053 copiis
1771 1967 2261 2052 Hasdrubalem,
2322 1970 2502 2054 prius
2574 1991 2767 2052 quam

388 2101 437 2140 ιε
466 2075 816 2140 Hannibali
880 2076 1066 2140 fratri
1141 2076 1662 2161 coniungeretur,
1739 2075 2074 2159 oppressit.
2176 2079 2400 2151 contra
2465 2073 2767 2140 Claudius
2806 2090 2837 2136 2

464 2183 896 2269 RegillianuS,
954 2182 1276 2247 decemuir
1329 2181 1583 2267 legibus
1631 2181 2011 2264 scribendis,
2057 2182 2375 2267 uirginem
2425 2182 2770 2268 ingenuam

463 2312 580 2374 per
623 2290 760 2353 uim
806 2289 1095 2353 libidinis
1142 2288 1350 2373 gratia
1397 2277 1463 2353 in
1511 2289 1888 2352 seruitutem
1936 2283 2215 2353 asserere
2262 2292 2528 2353 conatus
2578 2311 2768 2353 causa

463 2396 640 2481 plebi
684 2397 811 2460 fuit
859 2396 1192 2461 secedendi
1238 2418 1460 2461 rursus
1500 2419 1537 2460 a
1574 2394 1885 2480 patribus
1971 2394 2275 2460 Claudius
2314 2395 2603 2459 †Drusus
2644 2399 2768 2459 sta·

464 2506 577 2566 tua
625 2503 749 2567 sibi
797 2502 1155 2566 diademata
1214 2502 1294 2566 ad
1339 2502 1516 2587 Appi
1563 2501 1802 2566 Forum
1851 2502 2063 2587 posita
2109 2501 2361 2566 Italiam
2411 2526 2526 2587 per
2574 2503 2765 2568 clien-

363 2630 438 2670 πο
465 2609 625 2674 telas
694 2631 1005 2694 occupare
1065 2611 1428 2694 temptauit.
1533 2608 1838 2673 Claudius
1900 2607 2180 2673 Pulcher
2243 2610 2412 2693 apud
2478 2608 2765 2674 Siciliam

463 2737 597 2780 non
641 2716 1051 2799 pascentibus
1098 2717 1167 2780 in
1221 2714 1611 2799 auspicando
1658 2714 1858 2799 pullis
1906 2737 1979 2780 ac
2027 2737 2141 2798 per
2184 2719 2627 2799 contemptum
2674 2739 2766 2780 re-

463 2822 725 2909 ligionis
791 2824 953 2887 mari
1014 2822 1343 2905 demersis,
1410 2822 1593 2905 quasi
1657 2824 1741 2884 ut
1800 2822 2162 2886 biberent
2228 2822 2534 2905 quando
2602 2844 2765 2887 esse

463 2929 791 3012 nollent,
828 2929 1147 3013 proelium
1185 2929 1413 2993 nauale
1451 2928 1624 3013 iniit3
1672 2931 2154 3012 superatusque,
2201 2950 2343 2992 cum
2386 2929 2765 2993 dictatorem

465 3035 674 3101 dicere
729 3058 766 3098 a
823 3039 1048 3100 senatu
1104 3036 1456 3117 iuberetur,
1522 3034 1704 3098 uelut
1760 3036 1991 3098 iterum
2050 3034 2343 3099 inludens
2412 3035 2764 3100 discrimini

384 3163 436 3203 2⁶
465 3143 725 3225 publico
775 3141 1046 3226 Glycian
1090 3142 1404 3205 uiatorem
1453 3162 1642 3204 suum
1691 3141 1871 3205 dixit.

641 3249 886 3313 Extant
939 3254 1004 3313 et
1057 3249 1444 3313 feminarum
1501 3247 1794 3332 exempla
1851 3249 2104 3312 diuersa
2157 3269 2385 3331 aeque,
2452 3248 2764 3331 siquidem
2806 3258 2838 3306 3

463 3358 677 3442 gentis
715 3355 1000 3421 eiusdem
1039 3359 1312 3438 utraque
1341 3351 1607 3418 Claudia
1643 3354 1788 3435 fuit,
1828 3358 1891 3418 et
1928 3377 2092 3438 quae
2128 3376 2359 3418 nauem
2389 3376 2537 3419 cum
2566 3355 2764 3418 sacris

462 3501 557 3508 ——
850 3501 890 3508 ..-

608 3590 638 3637 2
686 3604 803 3637 xxn
843 3586 1147 3640 Mommsen
1308 3589 1338 3636 3
1379 3584 1498 3655 sex]
1538 3603 1593 3636 γι
1623 3584 1749 3649 RT,
1788 3585 2004 3651 septem
2040 3582 2158 3636 edd.
2193 3584 2348 3638 Rom.
2515 3587 2544 3634 7
2583 3599 2693 3650 quo
2733 3601 2765 3642 ς

466 3666 768 3735 (Beroald.)
936 3670 1002 3717 10
1040 3665 1217 3718 setius
1259 3666 1372 3730 VP,
1420 3664 1596 3718 serius
1634 3665 1715 3728 L,
1763 3678 1920 3716 secus
1959 3662 2150 3716 H²ST
2311 3668 2373 3715 11
2414 3662 2622 3730 pyrrho
2663 3664 2766 3718 VR

470 3750 534 3797 12
573 3744 823 3817 Caudex]
863 3743 1099 3798 claudus
1139 3745 1252 3814 HQ
1287 3751 1337 3798 et
1366 3761 1472 3813 pro
1510 3763 1564 3798 u.
1606 3744 1638 3796 l.
1672 3745 1728 3798 R
1874 3748 1938 3795 13
1976 3758 2188 3811 poenas
2220 3745 2306 3809 M,
2343 3758 2514 3811 penes
2543 3745 2615 3811 (et
2650 3748 2764 3796 tum
2799 3746 2802 3749 ’

468 3824 671 3894 sicilia)
695 3825 747 3879 G
855 3823 1044 3893 expuli
1067 3827 1142 3879 M
1145 3825 1181 3891 ¹,
1218 3827 1243 3878 t
1268 3842 1337 3879 ss.
1368 3842 1436 3878 m.
1466 3828 1505 3878 2
1610 3823 1765 3877 tibus
1789 3825 1864 3877 M
1896 3821 2038 3893 (Tib.
2071 3824 2254 3892 Roth),
2291 3823 2461 3891 tybus
2486 3823 2617 3890 (3¹6,
2656 3822 2765 3890 Ty-

466 3905 570 3958 bus
603 3904 749 3974 629,
795 3904 949 3959 Tibi'.
981 3905 1046 3971 V,
1093 3904 1290 3957 Tibius
1331 3906 1396 3970 P,
1443 3903 1656 3971 Tybius
1694 3904 1760 3969 S,
1806 3902 2064 3957 Tiberius
2104 3906 2228 3972 (per
2265 3904 2560 3972 compend.)
2593 3903 2764 3969 YLT,

466 3983 736 4038 Claudius
771 3987 920 4056 uuly.
962 3986 1062 4054 (ed.
1094 3987 1309 4040 Bonon.
1342 3987 1538 4052 1488);
1575 3985 1644 4050 cf.
1676 3984 1867 4038 Herm.
1899 3988 1972 4038 36
2000 4001 2059 4052 p.
2083 3987 2192 4038 303
2369 3989 2433 4036 14
2471 3982 2765 4036 hasdriba-

464 4064 577 4117 lem
608 4065 750 4129 MG,
795 4065 1184 4119 hastribabem
1225 4064 1314 4134 ΩΙ,
1358 4062 1747 4117 hastrubalem
1786 4066 1949 4132 (astr-
1967 4065 2053 4132 H)
2077 4063 2257 4119 HRS¹
2404 4067 2467 4115 15
2509 4062 2764 4116 annibali

468 4146 594 4199 MT
618 4147 805 4214 (Roth)
978 4144 1179 4213 appius
1209 4144 1352 4213 (api-
1381 4147 1465 4213 H)
1503 4151 1623 4211 post
1660 4142 1931 4197 Claudius
1968 4144 2098 4198 add.
2132 4146 2180 4196 Τ
2216 4145 2410 4213 (uuly.)
2578 4148 2642 4196 16
2680 4159 2765 4196 re·

462 4224 712 4295 gillanus
741 4242 774 4284 ς
814 4225 952 4293 (edd.
986 4226 1142 4280 Rom.
1184 4225 1310 4279 Ve‘n.
1344 4227 1392 4290 I,
1433 4225 1605 4294 παῖς.)
1756 4230 1820 4277 18
1860 4223 2096 4277 drus*us
2136 4223 2178 4293 (i
2206 4222 2426 4291 erasa?)
2456 4225 2542 4288 M,
2581 4223 2763 4276 Rusus

464 4305 525 4359 F
521 4306 656 4359 γαίη
685 4306 895 4374 (potius
920 4305 1160 4371 Russus,
1197 4305 1267 4372 cf.
1300 4305 1487 4359 Herm.
1518 4308 1594 4358 36
1622 4321 1681 4372 p.
1706 4308 1861 4371 303),
1902 4302 2131 4357 Crassus
2175 4304 2234 4357 O.
2251 4303 2571 4370 Hirschfeld
2609 4303 2764 4372 (Cae—

463 4402 559 4439 cus
596 4402 786 4438 rursus
825 4387 954 4440 olim
985 4386 1309 4453 Mommsen)
1423 4389 1486 4436 19
1527 4401 1652 4437 cum
1693 4383 2015 4437 diademate
2047 4382 2202 4438 ’1”Ρ’Ι
2311 4389 2376 4436 22
2417 4382 2686 4437 demersit
2713 4384 2764 4437 G

462 4471 530 4518 25
560 4464 800 4534 Glycian
828 4464 1136 4520 Salmasius
1165 4463 1427 4533 (Gliciam
1444 4465 1724 4533 δ’ἱροπὶαε,
1755 4463 1976 4517 Glician
1996 4465 2181 4533 Roth),
2218 4463 2429 4531 ilycian
2452 4463 2577 4532 (yli·
2601 4463 2763 4528 GPS,

461 4544 622 4614 ilicy·
644 4548 702 4599 Π
709 4588 723 4611 ,
760 4545 852 4598 ili·
882 4547 953 4611 R,
991 4544 1104 4598 illi-
1138 4546 1200 4611 T,
1237 4546 1551 4600 terminatio
1579 4559 1699 4596 -am
1728 4545 1901 4612 LST)
1922 4546 1974 4596 Ω
2121 4549 2186 4596 Ξῖ
2227 4543 2420 4597 nauim
2453 4544 2504 4597 G
