3325 5209
1230 421 1565 475 TIBERIVS
1604 433 1736 482 [off.
1766 433 1941 483 65—69]
2608 420 2728 484 157

437 588 640 649 strae
689 585 774 649 de
820 607 930 649 me
978 586 1332 669 opinioni
1378 585 1662 669 eripiat
1701 623 1784 630 —
1831 584 2031 648 nihil
2074 584 2392 649 honoris
2449 584 2734 648 adiciet

436 690 622 755 mihi
668 692 925 775 patria
969 692 1426 777 appellati0‚
1480 691 1704 757 uobis
1751 696 2001 756 autem
2047 690 2557 775 exprobrabit
2603 696 2733 755 aut

436 798 959 862 temeritatem
1016 799 1253 864 delati
1309 798 1497 864 mihi
1545 798 1708 863 eius
1766 797 2251 885 cognominis
2297 802 2428 862 aut
2473 798 2732 862 incon-

438 905 805 970 stantiam
852 906 1229 970 contrarii
1278 906 1364 970 de
1409 927 1520 970 me
1567 905 1859 970 iudicii.

380 1034 407 1075 5
615 1008 898 1096 Corpore
951 1013 1078 1078 fuit
1134 1013 1349 1098 amplo
1406 1016 1600 1095 atque
1647 1012 1947 1095 robusto,
1995 1015 2243 1076 statura
2290 1033 2452 1093 quae
2499 1006 2731 1076 iustam
2746 1009 2838 1076 68

436 1120 792 1204 excederet3
847 1119 1018 1184 latus
1075 1120 1154 1184 ab
1212 1119 1451 1184 umeris
1507 1122 1571 1183 et
1617 1123 1905 1203 pectore,
1963 1118 2191 1183 ceteris
2241 1139 2494 1208 quoque
2540 1140 2733 1183 mem-

435 1225 571 1291 bris
635 1248 839 1311 usque
906 1227 988 1290 ad
1051 1226 1216 1292 imos
1281 1227 1475 1311 pedes
1541 1225 1826 1309 aequalis
1893 1229 1958 1289 et
2022 1246 2409 1311 congruens3
2474 1225 2735 1289 sinistra
2781 1227 2790 1232 ’

433 1355 629 1398 11161111
675 1333 945 1420 agiliore
1000 1355 1073 1397 ac
1128 1333 1467 1418 ualidiore,
1525 1333 1815 1397 articulis
1861 1332 1955 1397 ita
2000 1332 2230 1417 firmis,
2285 1335 2360 1396 ut
2406 1353 2622 1397 recens
2670 1337 2734 1396 et

433 1439 761 1526 integrum
827 1440 1069 1505 malum
1136 1441 1342 1526 digito
1409 1440 1792 1522 terebraret,
1867 1443 2059 1522 caput
2123 1439 2307 1523 pueri
2370 1439 2478 1503 1161
2542 1440 2734 1505 etiam

353 1571 409 1610 10
437 1547 867 1612 adulescentis
922 1547 1145 1613 talitro
1202 1547 1584 1612 uulneraret.
1679 1546 1892 1611 colore
1947 1549 2083 1610 erat
2136 1545 2434 1630 candido,
2495 1546 2730 1631 capillo
2770 1560 2830 1610 2›

434 1677 603 1739 pone
660 1655 1039 1738 occipitium
1107 1654 1542 1719 summissiore
1605 1657 1682 1717 ut
1746 1652 2060 1718 ceruicem
2126 1653 2320 1718 etiam
2385 1653 2731 1740 obtegeret,

436 1761 611 1845 quod
655 1761 901 1847 gentile
956 1761 1026 1825 in
1071 1763 1185 1826 illo
1233 1761 1600 1845 uidebatur3
1659 1759 1824 1824 facie
1868 1760 2168 1844 honesta,
2221 1760 2290 1824 in
2346 1783 2472 1843 qua
2516 1764 2734 1824 tamen

436 1868 647 1933 crebri
702 1872 768 1933 et
823 1867 1026 1932 subiti
1080 1873 1393 1953 tumores,
1458 1888 1603 1931 cum
1659 1866 2166 1952 praegrandibus
2222 1866 2425 1931 oculis
2481 1870 2546 1931 et
2601 1868 2732 1951 qui,

436 1975 610 2059 quod
663 1975 901 2039 mirum
959 1979 1153 2058 esset,
1207 1978 1406 2039 noctu
1463 1974 1657 2037 etiam
1705 1977 1769 2036 et
1814 1972 1881 2036 in
1926 1972 2211 2036 tenebris
2258 1973 2573 2058 uiderent,
2620 1974 2732 2038 sed

352 2101 405 2140 15
435 2082 514 2146 ad
562 2082 753 2146 breue
800 2087 865 2147 et
911 2104 1055 2146 cum
1102 2081 1384 2166 primum
1431 2102 1465 2144 e
1512 2102 1739 2144 somno
1779 2079 2164 2163 patuissent3
2209 2079 2435 2143 deinde
2471 2102 2728 2144 rursum

431 2188 876 2254 hebescebant.
952 2188 1286 2253 incedebat
1333 2188 1579 2253 ceruice
1616 2186 1827 2271 rigida
1863 2189 1927 2249 et
1965 2185 2245 2270 obstipa,
2281 2186 2556 2251 adducto
2595 2185 2729 2250 fere
2767 2201 2798 2246 3

432 2295 638 2380 uultu,
712 2294 1089 2379 plerumque
1162 2295 1397 2359 tacitus
1409 2348 1426 2380 ,
1497 2293 1678 2358 nullo
1753 2297 1866 2357 aut
1930 2292 2260 2356 rarissimo
2326 2293 2519 2357 etiam
2584 2315 2731 2358 cum

431 2403 745 2486 proximis
803 2423 1096 2467 sermone
1152 2423 1354 2484 eoque
1411 2401 1779 2465 tardissimo
1791 2452 1810 2485 ,
1862 2420 1978 2463 nec
2034 2399 2170 2463 sine
2224 2398 2409 2464 molli
2455 2400 2727 2482 quadam

431 2509 781 2595 digitorum
847 2508 1356 2595 gesticulatione.
1458 2529 1622 2591 quae
1688 2507 1904 2571 omnia
1977 2506 2231 2591 ingrata
2294 2510 2488 2589 atque
2558 2528 2730 2572 arro-

353 2636 407 2674 20
435 2617 690 2701 gantiae
753 2617 944 2701 plena
1006 2621 1072 2680 et
1137 2614 1587 2679 animaduertit
1642 2613 1982 2700 Augustus
2047 2613 2114 2677 in
2180 2635 2253 2677 eo
2312 2618 2375 2678 et
2431 2634 2729 2679 excusare

432 2723 781 2807 temptauit
817 2744 1006 2806 saepe
1043 2722 1212 2806 apud
1241 2726 1533 2786 senatum
1571 2742 1645 2784 ac
1682 2721 1996 2804 populum
2038 2720 2370 2805 professus
2407 2725 2728 2785 naturae

433 2829 630 2893 uitia
659 2850 849 2911 esse,
887 2851 1035 2893 non
1063 2828 1312 2892 animi.
1378 2828 1734 2892 ualitudine
1770 2828 2205 2912 prosperrima
2232 2836 2385 2892 usus
2416 2832 2530 2910 est,
2571 2831 2728 2892 tem-
2765 2840 2799 2888 4

432 2956 588 3019 pore
636 2935 894 3018 quidem
949 2935 1354 3020 principatus
1410 2956 1610 3018 paene
1666 2938 1806 2998 toto
1862 2956 2063 3019 prope
2088 2935 2373 3025 inlaesa,
2430 2936 2727 3018 quamuis

433 3066 471 3107 a
514 3043 842 3108 tricesimo
889 3043 1119 3108 aetatis
1167 3064 1333 3106 anno
1379 3043 1699 3107 arbitratu
1744 3064 1885 3106 eam
1932 3063 2049 3105 suo
2096 3042 2333 3106 rexerit
2379 3042 2517 3106 sine
2554 3042 2726 3106 adiu-

349 3168 403 3208 25
431 3153 648 3214 11161116
698 3149 1050 3214 consilioue
1097 3149 1504 3213 medicorum.

611 3256 796 3323 Circa
854 3257 1007 3322 deos
1068 3277 1141 3319 ac
1204 3256 1550 3341 religiones
1606 3255 2078 3341 neglegentior,
2135 3255 2375 3339 quippe
2429 3255 2724 3319 addictus
2736 3249 2832 3315 69

430 3364 920 3429 mathematicae
965 3363 1321 3447 plenusque
1356 3362 1792 3446 persuasionis
1830 3367 2056 3426 cuncta
2093 3362 2229 3426 fato
2268 3363 2393 3448 agi,
2438 3361 2725 3426 tonitrua

431 3474 649 3535 tamen
693 3474 948 3555 praeter
995 3471 1256 3535 modum
1304 3469 1770 3554 expauescebat
1816 3473 1881 3533 et
1926 3468 2283 3533 turbatiore
2321 3468 2495 3532 caelo
2540 3490 2724 3533 num·

431 3600 624 3661 quam
687 3599 819 3641 non
885 3599 1187 3642 coronam
1242 3575 1526 3641 lauream
1584 3571 1793 3660 capite
1848 3575 2157 3661 gestauit,
2223 3574 2395 3658 quod
2456 3574 2724 3639 fulmine

350 3704 403 3743 zo
431 3684 639 3748 afflari
683 3688 953 3770 negetur
1000 3683 1064 3747 id
1112 3704 1313 3769 genus
1358 3682 1620 3747 frondis.

574 3892 604 3938 ὁ
627 3904 746 3955 sqq.
768 3886 1045 3941 Einhard.
1066 3889 1142 3941 22
1167 3901 1398 3955 corpore
1416 3884 1526 3938 fuit
1547 3885 1735 3954 amplo
1755 3887 1925 3952 atque
1945 3884 2194 3950 robust0‚
2215 3887 2433 3938 statura
2453 3884 2724 3938 eminenti

432 3967 522 4034 (cf.
564 3966 676 4021 Gal.
709 3969 819 4036 50),
858 3982 1004 4034 quae
1032 3969 1224 4020 tamen
1252 3965 1463 4020 iustam
1491 3982 1604 4019 non
1632 3965 1926 4019 excederet
1957 4008 1967 4019 .
1992 4010 2002 4020 .
2027 4007 2037 4018 .
2069 3963 2245 4018 oculis
2273 3964 2722 4034 praegrandibus

433 4048 488 4115 (l.
519 4048 609 4115 13)
649 4062 714 4100 ac
751 4046 971 4117 uegetis
1010 4047 1099 4115 (cf.
1131 4047 1238 4101 Iul.
1262 4049 1352 4116 45)
1499 4046 1721 4099 incessu
1758 4044 1916 4099 firmo
1956 4047 2010 4114 (l.
2033 4048 2141 4115 16).

574 4241 604 4287 2
644 4233 865 4303 patriae
895 4233 987 4299 P2,
1025 4231 1205 4302 patris
1238 4236 1301 4299 Y,
1348 4231 1529 4302 patris
1565 4231 1787 4302 patriae
1826 4249 1859 4291 ς
1898 4233 2098 4301 (Torr.)
2263 4238 2294 4285 5
2332 4230 2442 4286 fuit
2472 4240 2600 4301 post
2634 4251 2721 4288 ro-

430 4314 597 4369 busto
631 4315 682 4369 G
793 4319 857 4367 11
889 4314 1213 4384 subtegeret
1241 4314 1359 4366 XN
1464 4319 1530 4366 15
1570 4329 1605 4366 a
1632 4329 1827 4367 somno
1858 4312 1982 4370 H¹3
2013 4314 2180 4381 (Roth
2212 4314 2306 4381 al.)
2419 4319 2483 4366 19
2525 4316 2720 4385 atque]

432 4397 489 4448 et
512 4396 622 4450 GT
759 4399 823 4447 21
866 4411 997 4464 sepe
1026 4392 1334 4462 temptauit
1356 4395 1407 4448 G
1552 4409 1617 4446 ac
1672 4395 1731 4447 et
1750 4397 1806 4446 X
1942 4398 2010 4446 23
2048 4409 2222 4462 prope
2252 4395 2350 4447 del.
2375 4393 2468 4459 ΡΞ,
2498 4412 2598 4449 om.
2631 4395 2729 4449 ST

431 4480 498 4527 27
535 4473 899 4544 persuasione
931 4475 1008 4541 G,
1045 4473 1502 4543 persuasionibus
1533 4474 1614 4526 11²
1798 4479 1866 4526 29
1904 4474 2170 4542 gestabat
2207 4475 2337 4528 HN
2468 4479 2534 4527 30
2572 4474 2722 4528 fron-

430 4554 542 4626 dis]
581 4553 798 4609 arboris
830 4555 881 4609 G
1616 4394 1716 4647 {X
