<?xml version="1.0" encoding="UTF-8"?>
<!DOCTYPE html PUBLIC "-//W3C//DTD XHTML 1.0 Transitional//EN"
    "http://www.w3.org/TR/xhtml1/DTD/xhtml1-transitional.dtd">
<html xmlns="http://www.w3.org/1999/xhtml" xml:lang="en" lang="en">
 <head>
  <title>
</title>
<meta http-equiv="Content-Type" content="text/html;charset=utf-8" />
  <meta name='ocr-system' content='tesseract 3.04.00' />
  <meta name='ocr-capabilities' content='ocr_page ocr_carea ocr_par ocr_line ocrx_word'/>
</head>
<body>
  <div class='ocr_page' id='page_1' title='image "./csvetonitranqui00unkngoog_0333.png"; bbox 0 0 3325 5209; ppageno 0'>
   <div class='ocr_carea' id='block_1_1' title="bbox 1312 377 2747 470">
    <p class='ocr_par' dir='ltr' id='par_1_1' title="bbox 1312 377 2747 470">
     <span class='ocr_line' id='line_1_1' title="bbox 1312 377 2747 470; baseline 0.01 -14"><span class='ocrx_word' id='word_1_1' title='bbox 1312 404 1513 458; x_wconf 89' lang='lat' dir='ltr'>NERO</span> <span class='ocrx_word' id='word_1_2' title='bbox 1553 416 1684 465; x_wconf 62' lang='lat' dir='ltr'><strong>[cn.</strong></span> <span class='ocrx_word' id='word_1_3' title='bbox 1716 377 1897 466; x_wconf 57' lang='lat'><strong>34—361</strong></span> <span class='ocrx_word' id='word_1_4' title='bbox 2617 407 2747 470; x_wconf 77' lang='grc'><strong>255</strong></span> 
     </span>
    </p>
   </div>
   <div class='ocr_carea' id='block_1_2' title="bbox 350 567 2840 3315">
    <p class='ocr_par' dir='ltr' id='par_1_2' title="bbox 445 567 2820 972">
     <span class='ocr_line' id='line_1_2' title="bbox 625 567 2820 652; baseline -0 -19"><span class='ocrx_word' id='word_1_5' title='bbox 625 568 899 633; x_wconf 88' lang='lat' dir='ltr'><strong>Nullum</strong></span> <span class='ocrx_word' id='word_1_6' title='bbox 946 569 1104 632; x_wconf 89' lang='lat' dir='ltr'><strong>adeo</strong></span> <span class='ocrx_word' id='word_1_7' title='bbox 1149 567 1638 649; x_wconf 64' lang='lat' dir='ltr'><strong>necessitudinis</strong></span> <span class='ocrx_word' id='word_1_8' title='bbox 1688 590 1889 652; x_wconf 86' lang='lat' dir='ltr'><strong>genus</strong></span> <span class='ocrx_word' id='word_1_9' title='bbox 1937 571 2060 652; x_wconf 90' lang='lat' dir='ltr'><strong>est,</strong></span> <span class='ocrx_word' id='word_1_10' title='bbox 2118 569 2288 650; x_wconf 93' lang='lat' dir='ltr'><strong>quod</strong></span> <span class='ocrx_word' id='word_1_11' title='bbox 2333 590 2466 632; x_wconf 90' lang='lat' dir='ltr'><strong>non</strong></span> <span class='ocrx_word' id='word_1_12' title='bbox 2512 568 2747 632; x_wconf 90' lang='lat' dir='ltr'><strong>scelere</strong></span> <span class='ocrx_word' id='word_1_13' title='bbox 2785 587 2820 632; x_wconf 84' lang='lat'>4</span> 
     </span>
     <span class='ocr_line' id='line_1_3' title="bbox 447 673 2744 760; baseline -0 -21"><span class='ocrx_word' id='word_1_14' title='bbox 447 675 806 760; x_wconf 75' lang='lat' dir='ltr'>perculerit.</span> <span class='ocrx_word' id='word_1_15' title='bbox 909 673 1262 739; x_wconf 75' lang='lat' dir='ltr'><strong>Antoniam</strong></span> <span class='ocrx_word' id='word_1_16' title='bbox 1320 673 1543 738; x_wconf 82' lang='lat' dir='ltr'>Claudi</span> <span class='ocrx_word' id='word_1_17' title='bbox 1610 675 1841 757; x_wconf 89' lang='lat' dir='ltr'><strong>filiam,</strong></span> <span class='ocrx_word' id='word_1_18' title='bbox 1903 679 2304 738; x_wconf 71' lang='lat' dir='ltr'><strong>recusantem</strong></span> <span class='ocrx_word' id='word_1_19' title='bbox 2369 679 2519 758; x_wconf 91' lang='lat' dir='ltr'><strong>post</strong></span> <span class='ocrx_word' id='word_1_20' title='bbox 2582 675 2744 758; x_wconf 89' lang='lat' dir='ltr'><strong>Pop-</strong></span> 
     </span>
     <span class='ocr_line' id='line_1_4' title="bbox 447 781 2744 866; baseline 0 -20"><span class='ocrx_word' id='word_1_21' title='bbox 447 805 642 866; x_wconf 89' lang='lat' dir='ltr'><strong>paeae</strong></span> <span class='ocrx_word' id='word_1_22' title='bbox 701 787 978 846; x_wconf 90' lang='lat' dir='ltr'><strong>mortem</strong></span> <span class='ocrx_word' id='word_1_23' title='bbox 1043 781 1302 864; x_wconf 83' lang='lat' dir='ltr'><strong>nuptias</strong></span> <span class='ocrx_word' id='word_1_24' title='bbox 1365 803 1512 844; x_wconf 86' lang='lat' dir='ltr'><strong>suas</strong></span> <span class='ocrx_word' id='word_1_25' title='bbox 1523 832 1539 863; x_wconf 92' lang='lat'><strong>,</strong></span> <span class='ocrx_word' id='word_1_26' title='bbox 1601 782 1784 863; x_wconf 85' lang='lat' dir='ltr'><strong>quasi</strong></span> <span class='ocrx_word' id='word_1_27' title='bbox 1844 782 2230 846; x_wconf 81' lang='lat' dir='ltr'><strong>molitricem</strong></span> <span class='ocrx_word' id='word_1_28' title='bbox 2289 805 2605 845; x_wconf 90' lang='lat' dir='ltr'><strong>nouarum</strong></span> <span class='ocrx_word' id='word_1_29' title='bbox 2651 805 2744 846; x_wconf 92' lang='lat' dir='ltr'><strong>re-</strong></span> 
     </span>
     <span class='ocr_line' id='line_1_5' title="bbox 445 887 2745 972; baseline 0 -20"><span class='ocrx_word' id='word_1_30' title='bbox 445 912 588 952; x_wconf 91' lang='lat' dir='ltr'><strong>rum</strong></span> <span class='ocrx_word' id='word_1_31' title='bbox 641 889 995 972; x_wconf 82' lang='lat' dir='ltr'><strong>interemit3</strong></span> <span class='ocrx_word' id='word_1_32' title='bbox 1058 888 1357 951; x_wconf 90' lang='lat' dir='ltr'><strong>similiter</strong></span> <span class='ocrx_word' id='word_1_33' title='bbox 1410 887 1635 971; x_wconf 91' lang='lat' dir='ltr'><strong>[inter]</strong></span> <span class='ocrx_word' id='word_1_34' title='bbox 1694 893 1940 953; x_wconf 88' lang='lat' dir='ltr'><strong>ceteros</strong></span> <span class='ocrx_word' id='word_1_35' title='bbox 1997 892 2108 951; x_wconf 92' lang='lat' dir='ltr'><strong>aut</strong></span> <span class='ocrx_word' id='word_1_36' title='bbox 2155 888 2471 952; x_wconf 87' lang='lat' dir='ltr'><strong>affinitate</strong></span> <span class='ocrx_word' id='word_1_37' title='bbox 2529 888 2745 971; x_wconf 88' lang='lat' dir='ltr'><strong>aliqua</strong></span> 
     </span>
    </p>

    <p class='ocr_par' dir='ltr' id='par_1_3' title="bbox 397 992 2811 1507">
     <span class='ocr_line' id='line_1_6' title="bbox 397 992 2740 1079; baseline -0.001 -19"><span class='ocrx_word' id='word_1_38' title='bbox 397 1024 420 1062; x_wconf 87' lang='lat'><strong>5</strong></span> <span class='ocrx_word' id='word_1_39' title='bbox 451 996 574 1059; x_wconf 88' lang='lat' dir='ltr'><strong>sibi</strong></span> <span class='ocrx_word' id='word_1_40' title='bbox 621 1000 734 1060; x_wconf 92' lang='lat' dir='ltr'><strong>aut</strong></span> <span class='ocrx_word' id='word_1_41' title='bbox 778 995 1264 1079; x_wconf 84' lang='lat' dir='ltr'><strong>propinquitate</strong></span> <span class='ocrx_word' id='word_1_42' title='bbox 1302 994 1706 1079; x_wconf 81' lang='lat' dir='ltr'><strong>coniunctos3</strong></span> <span class='ocrx_word' id='word_1_43' title='bbox 1753 995 1823 1058; x_wconf 94' lang='lat' dir='ltr'><strong>in</strong></span> <span class='ocrx_word' id='word_1_44' title='bbox 1862 994 2095 1078; x_wconf 89' lang='lat' dir='ltr'><strong>quibus</strong></span> <span class='ocrx_word' id='word_1_45' title='bbox 2132 992 2376 1058; x_wconf 91' lang='lat' dir='ltr'><strong>Aulum</strong></span> <span class='ocrx_word' id='word_1_46' title='bbox 2413 994 2740 1058; x_wconf 90' lang='lat' dir='ltr'><strong>Plautium</strong></span> 
     </span>
     <span class='ocr_line' id='line_1_7' title="bbox 444 1102 2742 1186; baseline -0.001 -20"><span class='ocrx_word' id='word_1_47' title='bbox 444 1103 769 1186; x_wconf 88' lang='lat' dir='ltr'><strong>iuuenem,</strong></span> <span class='ocrx_word' id='word_1_48' title='bbox 836 1124 1025 1186; x_wconf 89' lang='lat' dir='ltr'><strong>quem</strong></span> <span class='ocrx_word' id='word_1_49' title='bbox 1094 1123 1238 1165; x_wconf 91' lang='lat' dir='ltr'><strong>cum</strong></span> <span class='ocrx_word' id='word_1_50' title='bbox 1303 1105 1451 1164; x_wconf 92' lang='lat' dir='ltr'><strong>ante</strong></span> <span class='ocrx_word' id='word_1_51' title='bbox 1513 1105 1788 1164; x_wconf 88' lang='lat' dir='ltr'><strong>mortem</strong></span> <span class='ocrx_word' id='word_1_52' title='bbox 1853 1123 1968 1184; x_wconf 90' lang='lat' dir='ltr'><strong>per</strong></span> <span class='ocrx_word' id='word_1_53' title='bbox 2030 1102 2166 1164; x_wconf 92' lang='lat' dir='ltr'><strong>uim</strong></span> <span class='ocrx_word' id='word_1_54' title='bbox 2232 1105 2742 1184; x_wconf 88' lang='lat' dir='ltr'><strong>conspurcasset:</strong></span> 
     </span>
     <span class='ocr_line' id='line_1_8' title="bbox 443 1208 2740 1294; baseline -0.001 -22"><span class='ocrx_word' id='word_1_55' title='bbox 443 1214 563 1273; x_wconf 91' lang='lat' dir='ltr'><strong>eat</strong></span> <span class='ocrx_word' id='word_1_56' title='bbox 610 1231 832 1294; x_wconf 90' lang='lat' dir='ltr'><strong>nunc,</strong></span> <span class='ocrx_word' id='word_1_57' title='bbox 880 1208 1111 1293; x_wconf 89' lang='lat' dir='ltr'><strong>inquit,</strong></span> <span class='ocrx_word' id='word_1_58' title='bbox 1157 1212 1398 1271; x_wconf 89' lang='lat' dir='ltr'><strong>mater</strong></span> <span class='ocrx_word' id='word_1_59' title='bbox 1440 1230 1599 1271; x_wconf 90' lang='lat' dir='ltr'><strong>mea</strong></span> <span class='ocrx_word' id='word_1_60' title='bbox 1646 1211 1721 1271; x_wconf 94' lang='lat' dir='ltr'><strong>et</strong></span> <span class='ocrx_word' id='word_1_61' title='bbox 1768 1229 2288 1272; x_wconf 88' lang='lat' dir='ltr'><strong>successorem</strong></span> <span class='ocrx_word' id='word_1_62' title='bbox 2334 1230 2577 1271; x_wconf 90' lang='lat' dir='ltr'><strong>meum</strong></span> <span class='ocrx_word' id='word_1_63' title='bbox 2624 1230 2740 1272; x_wconf 92' lang='lat' dir='ltr'><strong>os-</strong></span> 
     </span>
     <span class='ocr_line' id='line_1_9' title="bbox 442 1314 2742 1400; baseline -0.001 -20"><span class='ocrx_word' id='word_1_64' title='bbox 442 1317 770 1400; x_wconf 91' lang='lat' dir='ltr'><strong>culetur,</strong></span> <span class='ocrx_word' id='word_1_65' title='bbox 817 1318 1061 1380; x_wconf 90' lang='lat' dir='ltr'><strong>iactans</strong></span> <span class='ocrx_word' id='word_1_66' title='bbox 1122 1315 1427 1377; x_wconf 89' lang='lat' dir='ltr'><strong>dilectum</strong></span> <span class='ocrx_word' id='word_1_67' title='bbox 1484 1315 1563 1378; x_wconf 93' lang='lat' dir='ltr'><strong>ab</strong></span> <span class='ocrx_word' id='word_1_68' title='bbox 1613 1338 1687 1378; x_wconf 90' lang='lat' dir='ltr'><strong>ea</strong></span> <span class='ocrx_word' id='word_1_69' title='bbox 1734 1319 1799 1379; x_wconf 91' lang='lat' dir='ltr'><strong>et</strong></span> <span class='ocrx_word' id='word_1_70' title='bbox 1853 1315 1931 1378; x_wconf 88' lang='lat' dir='ltr'><strong>ad</strong></span> <span class='ocrx_word' id='word_1_71' title='bbox 1982 1337 2160 1397; x_wconf 90' lang='lat' dir='ltr'><strong>spem</strong></span> <span class='ocrx_word' id='word_1_72' title='bbox 2209 1314 2465 1397; x_wconf 91' lang='lat' dir='ltr'><strong>imperii</strong></span> <span class='ocrx_word' id='word_1_73' title='bbox 2512 1314 2742 1398; x_wconf 90' lang='lat' dir='ltr'><strong>impul-</strong></span> 
     </span>
     <span class='ocr_line' id='line_1_10' title="bbox 444 1408 2811 1507; baseline -0 -21"><span class='ocrx_word' id='word_1_74' title='bbox 444 1446 600 1486; x_wconf 89' lang='lat' dir='ltr'><strong>sum.</strong></span> <span class='ocrx_word' id='word_1_75' title='bbox 676 1424 1051 1507; x_wconf 85' lang='lat' dir='ltr'><strong>priuignum</strong></span> <span class='ocrx_word' id='word_1_76' title='bbox 1089 1421 1389 1485; x_wconf 86' lang='lat' dir='ltr'><strong>Rufrium</strong></span> <span class='ocrx_word' id='word_1_77' title='bbox 1423 1408 1796 1505; x_wconf 45' lang='lat' dir='ltr'><strong>¹Crispinum</strong></span> <span class='ocrx_word' id='word_1_78' title='bbox 1834 1420 2135 1504; x_wconf 91' lang='lat' dir='ltr'><strong>Poppaea</strong></span> <span class='ocrx_word' id='word_1_79' title='bbox 2171 1425 2415 1504; x_wconf 89' lang='lat' dir='ltr'><strong>natum,</strong></span> <span class='ocrx_word' id='word_1_80' title='bbox 2453 1421 2738 1504; x_wconf 90' lang='lat' dir='ltr'><strong>impube·</strong></span> <span class='ocrx_word' id='word_1_81' title='bbox 2779 1438 2811 1485; x_wconf 86' lang='lat'>5</span> 
     </span>
    </p>

    <p class='ocr_par' dir='ltr' id='par_1_4' title="bbox 363 1527 2745 2038">
     <span class='ocr_line' id='line_1_11' title="bbox 363 1527 2745 1612; baseline -0.001 -18"><span class='ocrx_word' id='word_1_82' title='bbox 363 1557 414 1595; x_wconf 80' lang='grc' dir='ltr'><strong>ιο</strong></span> <span class='ocrx_word' id='word_1_83' title='bbox 441 1553 576 1593; x_wconf 93' lang='lat' dir='ltr'><strong>rem</strong></span> <span class='ocrx_word' id='word_1_84' title='bbox 624 1530 850 1612; x_wconf 90' lang='lat' dir='ltr'><strong>adhuc,</strong></span> <span class='ocrx_word' id='word_1_85' title='bbox 900 1529 1050 1612; x_wconf 92' lang='lat' dir='ltr'><strong>quia</strong></span> <span class='ocrx_word' id='word_1_86' title='bbox 1087 1527 1415 1591; x_wconf 87' lang='lat' dir='ltr'><strong>ferebatur</strong></span> <span class='ocrx_word' id='word_1_87' title='bbox 1452 1528 1720 1591; x_wconf 87' lang='lat' dir='ltr'><strong>ducatus</strong></span> <span class='ocrx_word' id='word_1_88' title='bbox 1760 1533 1824 1591; x_wconf 91' lang='lat' dir='ltr'><strong>et</strong></span> <span class='ocrx_word' id='word_1_89' title='bbox 1861 1528 2132 1610; x_wconf 91' lang='lat' dir='ltr'><strong>imperia</strong></span> <span class='ocrx_word' id='word_1_90' title='bbox 2169 1527 2405 1610; x_wconf 91' lang='lat' dir='ltr'><strong>ludere,</strong></span> <span class='ocrx_word' id='word_1_91' title='bbox 2451 1550 2745 1612; x_wconf 72' lang='lat' dir='ltr'><strong>mergew</strong></span> 
     </span>
     <span class='ocr_line' id='line_1_12' title="bbox 441 1633 2737 1719; baseline -0.001 -20"><span class='ocrx_word' id='word_1_92' title='bbox 441 1636 593 1699; x_wconf 90' lang='lat' dir='ltr'><strong>dum</strong></span> <span class='ocrx_word' id='word_1_93' title='bbox 631 1636 811 1719; x_wconf 90' lang='lat' dir='ltr'><strong>mari,</strong></span> <span class='ocrx_word' id='word_1_94' title='bbox 850 1636 1003 1698; x_wconf 91' lang='lat' dir='ltr'><strong>dum</strong></span> <span class='ocrx_word' id='word_1_95' title='bbox 1042 1635 1413 1718; x_wconf 83' lang='lat' dir='ltr'><strong>piscaretur,</strong></span> <span class='ocrx_word' id='word_1_96' title='bbox 1462 1634 1666 1697; x_wconf 86' lang='lat' dir='ltr'><strong>seruis</strong></span> <span class='ocrx_word' id='word_1_97' title='bbox 1704 1636 1909 1717; x_wconf 85' lang='lat' dir='ltr'><strong>ipsius</strong></span> <span class='ocrx_word' id='word_1_98' title='bbox 1947 1635 2374 1698; x_wconf 90' lang='lat' dir='ltr'><strong>demandauit.</strong></span> <span class='ocrx_word' id='word_1_99' title='bbox 2440 1633 2737 1697; x_wconf 75' lang='lat' dir='ltr'><strong>Tuscum</strong></span> 
     </span>
     <span class='ocr_line' id='line_1_13' title="bbox 440 1741 2737 1825; baseline -0 -20"><span class='ocrx_word' id='word_1_100' title='bbox 440 1742 711 1805; x_wconf 88' lang='lat' dir='ltr'><strong>nutricis</strong></span> <span class='ocrx_word' id='word_1_101' title='bbox 759 1742 968 1805; x_wconf 90' lang='lat' dir='ltr'><strong>filium</strong></span> <span class='ocrx_word' id='word_1_102' title='bbox 1015 1741 1356 1825; x_wconf 84' lang='lat' dir='ltr'><strong>relegauit,</strong></span> <span class='ocrx_word' id='word_1_103' title='bbox 1420 1741 1590 1824; x_wconf 93' lang='lat' dir='ltr'><strong>quod</strong></span> <span class='ocrx_word' id='word_1_104' title='bbox 1637 1742 1707 1803; x_wconf 94' lang='lat' dir='ltr'><strong>in</strong></span> <span class='ocrx_word' id='word_1_105' title='bbox 1752 1742 2201 1824; x_wconf 90' lang='lat' dir='ltr'><strong>procuratione</strong></span> <span class='ocrx_word' id='word_1_106' title='bbox 2248 1741 2531 1825; x_wconf 84' lang='lat' dir='ltr'><strong>Aegypti</strong></span> <span class='ocrx_word' id='word_1_107' title='bbox 2578 1741 2737 1804; x_wconf 87' lang='lat' dir='ltr'><strong>bali-</strong></span> 
     </span>
     <span class='ocr_line' id='line_1_14' title="bbox 437 1845 2737 1929; baseline -0.001 -16"><span class='ocrx_word' id='word_1_108' title='bbox 437 1850 576 1913; x_wconf 90' lang='lat' dir='ltr'><strong>neis</strong></span> <span class='ocrx_word' id='word_1_109' title='bbox 643 1849 710 1911; x_wconf 91' lang='lat' dir='ltr'><strong>in</strong></span> <span class='ocrx_word' id='word_1_110' title='bbox 776 1848 1126 1912; x_wconf 90' lang='lat' dir='ltr'><strong>aduentum</strong></span> <span class='ocrx_word' id='word_1_111' title='bbox 1192 1869 1380 1910; x_wconf 91' lang='lat' dir='ltr'><strong>suum</strong></span> <span class='ocrx_word' id='word_1_112' title='bbox 1448 1846 1758 1909; x_wconf 85' lang='lat' dir='ltr'><strong>extructis</strong></span> <span class='ocrx_word' id='word_1_113' title='bbox 1821 1846 2103 1909; x_wconf 88' lang='lat' dir='ltr'><strong>lauisset.</strong></span> <span class='ocrx_word' id='word_1_114' title='bbox 2199 1845 2503 1910; x_wconf 85' lang='lat' dir='ltr'><strong>Senecam</strong></span> <span class='ocrx_word' id='word_1_115' title='bbox 2558 1869 2737 1929; x_wconf 84' lang='lat' dir='ltr'><strong>prae-</strong></span> 
     </span>
     <span class='ocr_line' id='line_1_15' title="bbox 439 1952 2735 2038; baseline -0.001 -20"><span class='ocrx_word' id='word_1_116' title='bbox 439 1960 764 2038; x_wconf 90' lang='lat' dir='ltr'><strong>ceptorem</strong></span> <span class='ocrx_word' id='word_1_117' title='bbox 813 1955 892 2018; x_wconf 91' lang='lat' dir='ltr'><strong>ad</strong></span> <span class='ocrx_word' id='word_1_118' title='bbox 939 1976 1155 2017; x_wconf 90' lang='lat' dir='ltr'><strong>necem</strong></span> <span class='ocrx_word' id='word_1_119' title='bbox 1206 1952 1537 2036; x_wconf 83' lang='lat' dir='ltr'><strong>compulit,</strong></span> <span class='ocrx_word' id='word_1_120' title='bbox 1586 1952 1883 2035; x_wconf 86' lang='lat' dir='ltr'><strong>quamuis</strong></span> <span class='ocrx_word' id='word_1_121' title='bbox 1932 1974 2118 2035; x_wconf 89' lang='lat' dir='ltr'><strong>saepe</strong></span> <span class='ocrx_word' id='word_1_122' title='bbox 2157 1957 2583 2016; x_wconf 88' lang='lat' dir='ltr'><strong>commeatum</strong></span> <span class='ocrx_word' id='word_1_123' title='bbox 2630 1975 2735 2035; x_wconf 94' lang='lat' dir='ltr'><strong>pe-</strong></span> 
     </span>
    </p>

    <p class='ocr_par' dir='ltr' id='par_1_5' title="bbox 360 2059 2737 2569">
     <span class='ocr_line' id='line_1_16' title="bbox 360 2059 2737 2144; baseline -0.001 -19"><span class='ocrx_word' id='word_1_124' title='bbox 360 2087 410 2126; x_wconf 86' lang='lat'><strong>15</strong></span> <span class='ocrx_word' id='word_1_125' title='bbox 441 2063 605 2126; x_wconf 87' lang='lat' dir='ltr'><strong>tenti</strong></span> <span class='ocrx_word' id='word_1_126' title='bbox 650 2062 967 2144; x_wconf 89' lang='lat' dir='ltr'><strong>bonisque</strong></span> <span class='ocrx_word' id='word_1_127' title='bbox 1014 2060 1262 2125; x_wconf 88' lang='lat' dir='ltr'><strong>cedenti</strong></span> <span class='ocrx_word' id='word_1_128' title='bbox 1302 2063 1636 2143; x_wconf 89' lang='lat' dir='ltr'><strong>persancte</strong></span> <span class='ocrx_word' id='word_1_129' title='bbox 1674 2059 1952 2126; x_wconf 86' lang='lat' dir='ltr'><strong>iurasset</strong></span> <span class='ocrx_word' id='word_1_130' title='bbox 1989 2064 2354 2142; x_wconf 87' lang='lat' dir='ltr'><strong>suspectum</strong></span> <span class='ocrx_word' id='word_1_131' title='bbox 2394 2080 2460 2121; x_wconf 92' lang='lat' dir='ltr'><strong>se</strong></span> <span class='ocrx_word' id='word_1_132' title='bbox 2498 2059 2737 2122; x_wconf 85' lang='lat' dir='ltr'><strong>frustra</strong></span> 
     </span>
     <span class='ocr_line' id='line_1_17' title="bbox 438 2164 2733 2251; baseline -0.002 -20"><span class='ocrx_word' id='word_1_133' title='bbox 438 2169 927 2251; x_wconf 87' lang='lat' dir='ltr'><strong>periturumque</strong></span> <span class='ocrx_word' id='word_1_134' title='bbox 964 2166 1183 2249; x_wconf 89' lang='lat' dir='ltr'><strong>potius</strong></span> <span class='ocrx_word' id='word_1_135' title='bbox 1233 2188 1424 2249; x_wconf 92' lang='lat' dir='ltr'><strong>quam</strong></span> <span class='ocrx_word' id='word_1_136' title='bbox 1461 2165 1830 2228; x_wconf 91' lang='lat' dir='ltr'><strong>nociturum</strong></span> <span class='ocrx_word' id='word_1_137' title='bbox 1869 2166 1944 2228; x_wconf 89' lang='lat' dir='ltr'><strong>ei.</strong></span> <span class='ocrx_word' id='word_1_138' title='bbox 2027 2164 2234 2229; x_wconf 91' lang='lat' dir='ltr'><strong>Burro</strong></span> <span class='ocrx_word' id='word_1_139' title='bbox 2281 2164 2603 2247; x_wconf 89' lang='lat' dir='ltr'><strong>praefecto</strong></span> <span class='ocrx_word' id='word_1_140' title='bbox 2642 2187 2733 2227; x_wconf 92' lang='lat' dir='ltr'><strong>re-</strong></span> 
     </span>
     <span class='ocr_line' id='line_1_18' title="bbox 438 2271 2736 2356; baseline -0.001 -20"><span class='ocrx_word' id='word_1_141' title='bbox 438 2275 719 2338; x_wconf 87' lang='lat' dir='ltr'><strong>medium</strong></span> <span class='ocrx_word' id='word_1_142' title='bbox 746 2274 827 2336; x_wconf 91' lang='lat' dir='ltr'><strong>ad</strong></span> <span class='ocrx_word' id='word_1_143' title='bbox 846 2272 1060 2336; x_wconf 89' lang='lat' dir='ltr'><strong>fauces</strong></span> <span class='ocrx_word' id='word_1_144' title='bbox 1089 2272 1421 2356; x_wconf 90' lang='lat' dir='ltr'><strong>pollicitus</strong></span> <span class='ocrx_word' id='word_1_145' title='bbox 1443 2273 1730 2336; x_wconf 82' lang='lat' dir='ltr'><strong>toxicum</strong></span> <span class='ocrx_word' id='word_1_146' title='bbox 1751 2272 1945 2335; x_wconf 91' lang='lat' dir='ltr'><strong>misit.</strong></span> <span class='ocrx_word' id='word_1_147' title='bbox 2002 2271 2270 2335; x_wconf 89' lang='lat' dir='ltr'><strong>libertos</strong></span> <span class='ocrx_word' id='word_1_148' title='bbox 2305 2272 2537 2334; x_wconf 89' lang='lat' dir='ltr'><strong>diuites</strong></span> <span class='ocrx_word' id='word_1_149' title='bbox 2559 2275 2624 2334; x_wconf 90' lang='lat' dir='ltr'><strong>et</strong></span> <span class='ocrx_word' id='word_1_150' title='bbox 2643 2293 2736 2333; x_wconf 85' lang='lat' dir='ltr'><strong>se-</strong></span> 
     </span>
     <span class='ocr_line' id='line_1_19' title="bbox 435 2378 2733 2462; baseline -0 -19"><span class='ocrx_word' id='word_1_151' title='bbox 435 2402 566 2462; x_wconf 78' lang='lat' dir='ltr'><strong>neS,</strong></span> <span class='ocrx_word' id='word_1_152' title='bbox 597 2381 753 2444; x_wconf 90' lang='lat' dir='ltr'><strong>olim</strong></span> <span class='ocrx_word' id='word_1_153' title='bbox 774 2379 1143 2462; x_wconf 90' lang='lat' dir='ltr'><strong>adoptionis</strong></span> <span class='ocrx_word' id='word_1_154' title='bbox 1163 2400 1317 2442; x_wconf 83' lang='lat' dir='ltr'><strong>mox</strong></span> <span class='ocrx_word' id='word_1_155' title='bbox 1347 2379 1804 2443; x_wconf 89' lang='lat' dir='ltr'><strong>dominationis</strong></span> <span class='ocrx_word' id='word_1_156' title='bbox 1827 2400 1979 2441; x_wconf 87' lang='lat' dir='ltr'><strong>suae</strong></span> <span class='ocrx_word' id='word_1_157' title='bbox 2007 2378 2291 2441; x_wconf 86' lang='lat' dir='ltr'><strong>fautores</strong></span> <span class='ocrx_word' id='word_1_158' title='bbox 2321 2382 2513 2460; x_wconf 92' lang='lat' dir='ltr'><strong>atque</strong></span> <span class='ocrx_word' id='word_1_159' title='bbox 2533 2382 2733 2442; x_wconf 92' lang='lat' dir='ltr'><strong>recto-</strong></span> 
     </span>
     <span class='ocr_line' id='line_1_20' title="bbox 436 2483 2666 2569; baseline -0 -21"><span class='ocrx_word' id='word_1_160' title='bbox 436 2509 556 2567; x_wconf 78' lang='lat' dir='ltr'><strong>reS,</strong></span> <span class='ocrx_word' id='word_1_161' title='bbox 602 2508 849 2550; x_wconf 89' lang='lat' dir='ltr'><strong>ueneno</strong></span> <span class='ocrx_word' id='word_1_162' title='bbox 890 2485 1128 2569; x_wconf 90' lang='lat' dir='ltr'><strong>partim</strong></span> <span class='ocrx_word' id='word_1_163' title='bbox 1168 2485 1327 2548; x_wconf 89' lang='lat' dir='ltr'><strong>cibis</strong></span> <span class='ocrx_word' id='word_1_164' title='bbox 1366 2483 2020 2567; x_wconf 75' lang='lat' dir='ltr'><strong>partim&#39;potionibus</strong></span> <span class='ocrx_word' id='word_1_165' title='bbox 2059 2483 2265 2546; x_wconf 92' lang='lat' dir='ltr'><strong>indito</strong></span> <span class='ocrx_word' id='word_1_166' title='bbox 2311 2483 2666 2567; x_wconf 85' lang='lat' dir='ltr'><strong>intercepit.</strong></span> 
     </span>
    </p>

    <p class='ocr_par' dir='ltr' id='par_1_6' title="bbox 355 2590 2840 3102">
     <span class='ocr_line' id='line_1_21' title="bbox 355 2590 2840 2674; baseline -0 -18"><span class='ocrx_word' id='word_1_167' title='bbox 355 2620 407 2657; x_wconf 83' lang='lat'><strong>20</strong></span> <span class='ocrx_word' id='word_1_168' title='bbox 612 2592 750 2655; x_wconf 92' lang='lat' dir='ltr'><strong>Nec</strong></span> <span class='ocrx_word' id='word_1_169' title='bbox 808 2594 1055 2656; x_wconf 89' lang='lat' dir='ltr'><strong>minore</strong></span> <span class='ocrx_word' id='word_1_170' title='bbox 1117 2592 1385 2655; x_wconf 90' lang='lat' dir='ltr'><strong>saeuitia</strong></span> <span class='ocrx_word' id='word_1_171' title='bbox 1437 2591 1602 2655; x_wconf 76' lang='lat' dir='ltr'><strong>‘foris</strong></span> <span class='ocrx_word' id='word_1_172' title='bbox 1663 2595 1728 2653; x_wconf 85' lang='lat' dir='ltr'><strong>et</strong></span> <span class='ocrx_word' id='word_1_173' title='bbox 1790 2590 1858 2653; x_wconf 93' lang='lat' dir='ltr'><strong>in</strong></span> <span class='ocrx_word' id='word_1_174' title='bbox 1919 2593 2174 2654; x_wconf 83' lang='lat' dir='ltr'><strong>exteros</strong></span> <span class='ocrx_word' id='word_1_175' title='bbox 2229 2594 2558 2674; x_wconf 86' lang='lat' dir='ltr'><strong>grassatus</strong></span> <span class='ocrx_word' id='word_1_176' title='bbox 2617 2590 2840 2656; x_wconf 80' lang='lat' dir='ltr'><strong>est.36</strong></span> 
     </span>
     <span class='ocr_line' id='line_1_22' title="bbox 435 2696 2731 2782; baseline -0.001 -20"><span class='ocrx_word' id='word_1_177' title='bbox 435 2699 622 2763; x_wconf 89' lang='lat' dir='ltr'><strong>stella</strong></span> <span class='ocrx_word' id='word_1_178' title='bbox 681 2700 938 2782; x_wconf 84' lang='lat' dir='ltr'><strong>crinita,</strong></span> <span class='ocrx_word' id='word_1_179' title='bbox 994 2721 1156 2782; x_wconf 89' lang='lat' dir='ltr'><strong>quae</strong></span> <span class='ocrx_word' id='word_1_180' title='bbox 1213 2697 1480 2765; x_wconf 86' lang='lat' dir='ltr'><strong>summis</strong></span> <span class='ocrx_word' id='word_1_181' title='bbox 1535 2697 1968 2780; x_wconf 84' lang='lat' dir='ltr'><strong>potestatibus</strong></span> <span class='ocrx_word' id='word_1_182' title='bbox 2025 2697 2295 2761; x_wconf 85' lang='lat' dir='ltr'><strong>exitium</strong></span> <span class='ocrx_word' id='word_1_183' title='bbox 2351 2696 2731 2779; x_wconf 86' lang='lat' dir='ltr'><strong>portendere</strong></span> 
     </span>
     <span class='ocr_line' id='line_1_23' title="bbox 433 2804 2731 2891; baseline -0 -24"><span class='ocrx_word' id='word_1_184' title='bbox 433 2805 632 2891; x_wconf 86' lang='lat' dir='ltr'><strong>uulgo</strong></span> <span class='ocrx_word' id='word_1_185' title='bbox 689 2810 985 2889; x_wconf 89' lang='lat' dir='ltr'><strong>putatur,</strong></span> <span class='ocrx_word' id='word_1_186' title='bbox 1045 2828 1161 2888; x_wconf 90' lang='lat' dir='ltr'><strong>per</strong></span> <span class='ocrx_word' id='word_1_187' title='bbox 1216 2805 1551 2869; x_wconf 90' lang='lat' dir='ltr'><strong>continuas</strong></span> <span class='ocrx_word' id='word_1_188' title='bbox 1612 2809 1835 2868; x_wconf 92' lang='lat' dir='ltr'><strong>noctes</strong></span> <span class='ocrx_word' id='word_1_189' title='bbox 1893 2804 2047 2869; x_wconf 90' lang='lat' dir='ltr'><strong>oriri</strong></span> <span class='ocrx_word' id='word_1_190' title='bbox 2106 2808 2419 2886; x_wconf 89' lang='lat' dir='ltr'><strong>coeperat.</strong></span> <span class='ocrx_word' id='word_1_191' title='bbox 2503 2804 2731 2867; x_wconf 85' lang='lat' dir='ltr'><strong>anxius</strong></span> 
     </span>
     <span class='ocr_line' id='line_1_24' title="bbox 432 2910 2733 2997; baseline -0.001 -22"><span class='ocrx_word' id='word_1_192' title='bbox 432 2934 507 2976; x_wconf 88' lang='lat' dir='ltr'><strong>ea</strong></span> <span class='ocrx_word' id='word_1_193' title='bbox 568 2935 665 2995; x_wconf 92' lang='lat' dir='ltr'><strong>re,</strong></span> <span class='ocrx_word' id='word_1_194' title='bbox 730 2916 804 2975; x_wconf 92' lang='lat' dir='ltr'><strong>ut</strong></span> <span class='ocrx_word' id='word_1_195' title='bbox 868 2935 945 2975; x_wconf 87' lang='lat' dir='ltr'><strong>ex</strong></span> <span class='ocrx_word' id='word_1_196' title='bbox 1013 2911 1293 2975; x_wconf 90' lang='lat' dir='ltr'><strong>Balbillo</strong></span> <span class='ocrx_word' id='word_1_197' title='bbox 1360 2911 1690 2997; x_wconf 86' lang='lat' dir='ltr'><strong>astrologo</strong></span> <span class='ocrx_word' id='word_1_198' title='bbox 1748 2911 2000 2994; x_wconf 83' lang='lat' dir='ltr'><strong>didicit,</strong></span> <span class='ocrx_word' id='word_1_199' title='bbox 2067 2910 2271 2974; x_wconf 90' lang='lat' dir='ltr'><strong>solere</strong></span> <span class='ocrx_word' id='word_1_200' title='bbox 2336 2932 2519 2996; x_wconf 81' lang='lat' dir='ltr'><strong>reges</strong></span> <span class='ocrx_word' id='word_1_201' title='bbox 2575 2911 2733 2973; x_wconf 90' lang='lat' dir='ltr'><strong>talia</strong></span> 
     </span>
     <span class='ocr_line' id='line_1_25' title="bbox 432 3018 2732 3102; baseline -0.001 -20"><span class='ocrx_word' id='word_1_202' title='bbox 432 3023 685 3083; x_wconf 88' lang='lat' dir='ltr'><strong>ostenta</strong></span> <span class='ocrx_word' id='word_1_203' title='bbox 730 3019 921 3082; x_wconf 86' lang='lat' dir='ltr'><strong>caede</strong></span> <span class='ocrx_word' id='word_1_204' title='bbox 968 3018 1185 3102; x_wconf 90' lang='lat' dir='ltr'><strong>aliqua</strong></span> <span class='ocrx_word' id='word_1_205' title='bbox 1230 3018 1471 3083; x_wconf 90' lang='lat' dir='ltr'><strong>illustri</strong></span> <span class='ocrx_word' id='word_1_206' title='bbox 1518 3018 1775 3101; x_wconf 83' lang='lat' dir='ltr'><strong>expiare</strong></span> <span class='ocrx_word' id='word_1_207' title='bbox 1832 3022 2026 3100; x_wconf 91' lang='lat' dir='ltr'><strong>atque</strong></span> <span class='ocrx_word' id='word_1_208' title='bbox 2074 3040 2111 3079; x_wconf 92' lang='lat' dir='ltr'><strong>a</strong></span> <span class='ocrx_word' id='word_1_209' title='bbox 2156 3020 2358 3080; x_wconf 90' lang='lat' dir='ltr'><strong>semet</strong></span> <span class='ocrx_word' id='word_1_210' title='bbox 2406 3018 2472 3080; x_wconf 93' lang='lat' dir='ltr'><strong>in</strong></span> <span class='ocrx_word' id='word_1_211' title='bbox 2519 3019 2732 3100; x_wconf 88' lang='lat' dir='ltr'><strong>capita</strong></span> 
     </span>
    </p>

    <p class='ocr_par' dir='ltr' id='par_1_7' title="bbox 350 3123 2729 3315">
     <span class='ocr_line' id='line_1_26' title="bbox 350 3123 2729 3209; baseline -0.002 -19"><span class='ocrx_word' id='word_1_212' title='bbox 350 3151 400 3191; x_wconf 72' lang='lat'><strong>25</strong></span> <span class='ocrx_word' id='word_1_213' title='bbox 429 3148 764 3209; x_wconf 89' lang='lat' dir='ltr'><strong>procerum</strong></span> <span class='ocrx_word' id='word_1_214' title='bbox 834 3125 1175 3208; x_wconf 89' lang='lat' dir='ltr'><strong>depellere,</strong></span> <span class='ocrx_word' id='word_1_215' title='bbox 1248 3125 1654 3188; x_wconf 89' lang='lat' dir='ltr'><strong>nobilissimo</strong></span> <span class='ocrx_word' id='word_1_216' title='bbox 1721 3124 1951 3207; x_wconf 91' lang='lat' dir='ltr'><strong>cuique</strong></span> <span class='ocrx_word' id='word_1_217' title='bbox 2017 3124 2289 3186; x_wconf 82' lang='lat' dir='ltr'><strong>exitium</strong></span> <span class='ocrx_word' id='word_1_218' title='bbox 2356 3123 2729 3207; x_wconf 80' lang='lat' dir='ltr'><strong>destinauit3</strong></span> 
     </span>
     <span class='ocr_line' id='line_1_27' title="bbox 430 3230 2729 3315; baseline -0.002 -19"><span class='ocrx_word' id='word_1_219' title='bbox 430 3233 758 3297; x_wconf 91' lang='lat' dir='ltr'><strong>enimuero</strong></span> <span class='ocrx_word' id='word_1_220' title='bbox 816 3231 1022 3295; x_wconf 91' lang='lat' dir='ltr'><strong>multo</strong></span> <span class='ocrx_word' id='word_1_221' title='bbox 1078 3232 1286 3315; x_wconf 84' lang='lat' dir='ltr'><strong>magis</strong></span> <span class='ocrx_word' id='word_1_222' title='bbox 1345 3236 1407 3295; x_wconf 92' lang='lat' dir='ltr'><strong>et</strong></span> <span class='ocrx_word' id='word_1_223' title='bbox 1467 3231 1647 3314; x_wconf 86' lang='lat' dir='ltr'><strong>quasi</strong></span> <span class='ocrx_word' id='word_1_224' title='bbox 1704 3253 1819 3313; x_wconf 90' lang='lat' dir='ltr'><strong>per</strong></span> <span class='ocrx_word' id='word_1_225' title='bbox 1874 3230 2109 3294; x_wconf 91' lang='lat' dir='ltr'><strong>iustam</strong></span> <span class='ocrx_word' id='word_1_226' title='bbox 2169 3251 2423 3293; x_wconf 91' lang='lat' dir='ltr'><strong>causam</strong></span> <span class='ocrx_word' id='word_1_227' title='bbox 2481 3230 2729 3293; x_wconf 88' lang='lat' dir='ltr'><strong>duabus</strong></span> 
     </span>
    </p>
   </div>
   <div class='ocr_carea' id='block_1_3' title="bbox 435 3351 863 3358">
    <p class='ocr_par' dir='ltr' id='par_1_8' title="bbox 435 3351 863 3358">
     <span class='ocr_line' id='line_1_28' title="bbox 435 3351 863 3358; baseline 0 1851"><span class='ocrx_word' id='word_1_228' title='bbox 435 3351 863 3358; x_wconf 95' lang='lat' dir='ltr'><strong> </strong></span> 
     </span>
    </p>
   </div>
   <div class='ocr_carea' id='block_1_4' title="bbox 427 3403 2729 3873">
    <p class='ocr_par' dir='ltr' id='par_1_9' title="bbox 427 3403 2729 3873">
     <span class='ocr_line' id='line_1_29' title="bbox 573 3403 2728 3474; baseline -0 -15"><span class='ocrx_word' id='word_1_229' title='bbox 573 3413 618 3459; x_wconf 94' lang='lat'><strong>1.</strong></span> <span class='ocrx_word' id='word_1_230' title='bbox 650 3414 685 3459; x_wconf 84' lang='lat'>4</span> <span class='ocrx_word' id='word_1_231' title='bbox 727 3407 876 3461; x_wconf 61' lang='lat' dir='ltr'><strong>Orosz</strong></span> <span class='ocrx_word' id='word_1_232' title='bbox 911 3407 1035 3460; x_wconf 92' lang='lat' dir='ltr'><strong>VII</strong></span> <span class='ocrx_word' id='word_1_233' title='bbox 1065 3411 1114 3471; x_wconf 87' lang='lat'><strong>7,</strong></span> <span class='ocrx_word' id='word_1_234' title='bbox 1146 3411 1181 3460; x_wconf 88' lang='lat'><em>9</em></span> <span class='ocrx_word' id='word_1_235' title='bbox 1230 3408 1555 3471; x_wconf 83' lang='lat' dir='ltr'><strong>ceterosque</strong></span> <span class='ocrx_word' id='word_1_236' title='bbox 1593 3422 1785 3458; x_wconf 89' lang='lat' dir='ltr'><strong>omnes</strong></span> <span class='ocrx_word' id='word_1_237' title='bbox 1825 3408 2093 3474; x_wconf 85' lang='lat' dir='ltr'><strong>cognatos</strong></span> <span class='ocrx_word' id='word_1_238' title='bbox 2133 3408 2190 3458; x_wconf 90' lang='lat' dir='ltr'><strong>et</strong></span> <span class='ocrx_word' id='word_1_239' title='bbox 2226 3404 2569 3472; x_wconf 87' lang='lat' dir='ltr'><strong>propinquos</strong></span> <span class='ocrx_word' id='word_1_240' title='bbox 2609 3403 2728 3458; x_wconf 88' lang='lat' dir='ltr'><strong>sine</strong></span> 
     </span>
     <span class='ocr_line' id='line_1_30' title="bbox 427 3484 2729 3555; baseline -0 -17"><span class='ocrx_word' id='word_1_241' title='bbox 427 3486 802 3539; x_wconf 88' lang='lat' dir='ltr'><strong>haesitatione</strong></span> <span class='ocrx_word' id='word_1_242' title='bbox 842 3486 1165 3555; x_wconf 89' lang='lat' dir='ltr'><strong>prostrauit.</strong></span> <span class='ocrx_word' id='word_1_243' title='bbox 1313 3491 1344 3537; x_wconf 82' lang='lat'>2</span> <span class='ocrx_word' id='word_1_244' title='bbox 1385 3486 1556 3540; x_wconf 82' lang='lat' dir='ltr'><strong>Schol.</strong></span> <span class='ocrx_word' id='word_1_245' title='bbox 1588 3487 1718 3539; x_wconf 80' lang='lat' dir='ltr'><strong>qu.</strong></span> <span class='ocrx_word' id='word_1_246' title='bbox 1750 3491 1813 3550; x_wconf 82' lang='lat'><strong>8,</strong></span> <span class='ocrx_word' id='word_1_247' title='bbox 1840 3489 1950 3538; x_wconf 75' lang='lat'><strong>213</strong></span> <span class='ocrx_word' id='word_1_248' title='bbox 1980 3502 2014 3538; x_wconf 88' lang='lat' dir='ltr'><strong>a</strong></span> <span class='ocrx_word' id='word_1_249' title='bbox 2054 3484 2276 3538; x_wconf 89' lang='lat' dir='ltr'><strong>Nerone</strong></span> <span class='ocrx_word' id='word_1_250' title='bbox 2307 3525 2319 3537; x_wconf 92' lang='lat'><strong>.</strong></span> <span class='ocrx_word' id='word_1_251' title='bbox 2343 3525 2354 3537; x_wconf 91' lang='lat'><strong>.</strong></span> <span class='ocrx_word' id='word_1_252' title='bbox 2378 3525 2389 3537; x_wconf 90' lang='lat'><strong>.</strong></span> <span class='ocrx_word' id='word_1_253' title='bbox 2421 3484 2604 3538; x_wconf 87' lang='lat' dir='ltr'><strong>occisa</strong></span> <span class='ocrx_word' id='word_1_254' title='bbox 2644 3487 2729 3537; x_wconf 90' lang='lat' dir='ltr'><strong>est</strong></span> 
     </span>
     <span class='ocr_line' id='line_1_31' title="bbox 430 3563 2725 3633; baseline -0.003 -11"><span class='ocrx_word' id='word_1_255' title='bbox 430 3612 441 3623; x_wconf 88' lang='lat'><strong>.</strong></span> <span class='ocrx_word' id='word_1_256' title='bbox 474 3607 485 3619; x_wconf 89' lang='lat'><strong>.</strong></span> <span class='ocrx_word' id='word_1_257' title='bbox 519 3607 530 3619; x_wconf 90' lang='lat'><strong>.</strong></span> <span class='ocrx_word' id='word_1_258' title='bbox 570 3564 817 3619; x_wconf 87' lang='lat' dir='ltr'><strong>Antonia</strong></span> <span class='ocrx_word' id='word_1_259' title='bbox 864 3564 1086 3620; x_wconf 84' lang='lat' dir='ltr'><strong>Claudii</strong></span> <span class='ocrx_word' id='word_1_260' title='bbox 1129 3564 1273 3632; x_wconf 86' lang='lat' dir='ltr'><strong>filia,</strong></span> <span class='ocrx_word' id='word_1_261' title='bbox 1327 3581 1471 3633; x_wconf 90' lang='lat' dir='ltr'><strong>quae</strong></span> <span class='ocrx_word' id='word_1_262' title='bbox 1518 3565 1605 3617; x_wconf 89' lang='lat' dir='ltr'><strong>illi</strong></span> <span class='ocrx_word' id='word_1_263' title='bbox 1650 3581 1753 3633; x_wconf 90' lang='lat' dir='ltr'><strong>pro</strong></span> <span class='ocrx_word' id='word_1_264' title='bbox 1800 3566 2000 3618; x_wconf 89' lang='lat' dir='ltr'><strong>harum</strong></span> <span class='ocrx_word' id='word_1_265' title='bbox 2046 3567 2225 3617; x_wconf 89' lang='lat' dir='ltr'><strong>morte</strong></span> <span class='ocrx_word' id='word_1_266' title='bbox 2271 3564 2480 3617; x_wconf 89' lang='lat' dir='ltr'><strong>nubere</strong></span> <span class='ocrx_word' id='word_1_267' title='bbox 2528 3563 2725 3616; x_wconf 90' lang='lat' dir='ltr'><strong>noluit.</strong></span> 
     </span>
     <span class='ocr_line' id='line_1_32' title="bbox 429 3643 2726 3714; baseline -0.001 -16"><span class='ocrx_word' id='word_1_268' title='bbox 429 3651 496 3699; x_wconf 82' lang='lat'><strong>26</strong></span> <span class='ocrx_word' id='word_1_269' title='bbox 513 3664 630 3714; x_wconf 89' lang='lat' dir='ltr'><strong>sqq.</strong></span> <span class='ocrx_word' id='word_1_270' title='bbox 673 3647 856 3700; x_wconf 80' lang='lat' dir='ltr'><strong>Victor</strong></span> <span class='ocrx_word' id='word_1_271' title='bbox 896 3647 1041 3700; x_wconf 80' lang='lat' dir='ltr'><strong>Caes.</strong></span> <span class='ocrx_word' id='word_1_272' title='bbox 1075 3650 1125 3710; x_wconf 89' lang='lat'><strong>5,</strong></span> <span class='ocrx_word' id='word_1_273' title='bbox 1156 3650 1226 3698; x_wconf 89' lang='grc'><strong>13</strong></span> <span class='ocrx_word' id='word_1_274' title='bbox 1275 3662 1398 3698; x_wconf 88' lang='lat' dir='ltr'><strong>cum</strong></span> <span class='ocrx_word' id='word_1_275' title='bbox 1439 3661 1601 3698; x_wconf 90' lang='lat' dir='ltr'><strong>omne</strong></span> <span class='ocrx_word' id='word_1_276' title='bbox 1641 3645 1731 3698; x_wconf 86' lang='lat' dir='ltr'><strong>ius</strong></span> <span class='ocrx_word' id='word_1_277' title='bbox 1773 3644 1973 3713; x_wconf 85' lang='lat' dir='ltr'><strong>sasque</strong></span> <span class='ocrx_word' id='word_1_278' title='bbox 2014 3644 2318 3713; x_wconf 88' lang='lat' dir='ltr'><strong>parricidio</strong></span> <span class='ocrx_word' id='word_1_279' title='bbox 2356 3643 2608 3697; x_wconf 79' lang='lat' dir='ltr'><strong>triuisset</strong></span> <span class='ocrx_word' id='word_1_280' title='bbox 2660 3660 2726 3696; x_wconf 91' lang='lat' dir='ltr'><strong>ac</strong></span> 
     </span>
     <span class='ocr_line' id='line_1_33' title="bbox 427 3723 2725 3794; baseline -0.001 -17"><span class='ocrx_word' id='word_1_281' title='bbox 427 3726 608 3794; x_wconf 87' lang='lat' dir='ltr'><strong>magis</strong></span> <span class='ocrx_word' id='word_1_282' title='bbox 647 3725 941 3794; x_wconf 84' lang='lat' dir='ltr'><strong>magisque</strong></span> <span class='ocrx_word' id='word_1_283' title='bbox 977 3727 1036 3778; x_wconf 91' lang='lat' dir='ltr'><strong>in</strong></span> <span class='ocrx_word' id='word_1_284' title='bbox 1085 3725 1326 3793; x_wconf 90' lang='lat' dir='ltr'><strong>optimos</strong></span> <span class='ocrx_word' id='word_1_285' title='bbox 1366 3725 1703 3791; x_wconf 84' lang='lat' dir='ltr'><strong>saeuiretu1·‚</strong></span> <span class='ocrx_word' id='word_1_286' title='bbox 1756 3725 2119 3778; x_wconf 85' lang='lat' dir='ltr'><strong>coniurauere</strong></span> <span class='ocrx_word' id='word_1_287' title='bbox 2157 3723 2346 3791; x_wconf 90' lang='lat' dir='ltr'><strong>plures</strong></span> <span class='ocrx_word' id='word_1_288' title='bbox 2384 3723 2545 3776; x_wconf 90' lang='lat' dir='ltr'><strong>uaria</strong></span> <span class='ocrx_word' id='word_1_289' title='bbox 2591 3739 2725 3776; x_wconf 87' lang='lat' dir='ltr'><strong>sane</strong></span> 
     </span>
     <span class='ocr_line' id='line_1_34' title="bbox 427 3803 2721 3873; baseline -0 -17"><span class='ocrx_word' id='word_1_290' title='bbox 427 3806 761 3872; x_wconf 82' lang='lat' dir='ltr'><strong>tempestate</strong></span> <span class='ocrx_word' id='word_1_291' title='bbox 810 3805 880 3857; x_wconf 90' lang='lat' dir='ltr'><strong>ad</strong></span> <span class='ocrx_word' id='word_1_292' title='bbox 918 3805 1269 3858; x_wconf 88' lang='lat' dir='ltr'><strong>liberandam</strong></span> <span class='ocrx_word' id='word_1_293' title='bbox 1314 3822 1433 3859; x_wconf 89' lang='lat' dir='ltr'><strong>rem</strong></span> <span class='ocrx_word' id='word_1_294' title='bbox 1470 3804 1773 3872; x_wconf 90' lang='lat' dir='ltr'><strong>publicam.</strong></span> <span class='ocrx_word' id='word_1_295' title='bbox 1843 3805 1968 3872; x_wconf 89' lang='lat' dir='ltr'><strong>quis</strong></span> <span class='ocrx_word' id='word_1_296' title='bbox 2015 3803 2254 3873; x_wconf 89' lang='lat' dir='ltr'><strong>proditis</strong></span> <span class='ocrx_word' id='word_1_297' title='bbox 2297 3804 2584 3870; x_wconf 84' lang='lat' dir='ltr'><strong>caesisque</strong></span> <span class='ocrx_word' id='word_1_298' title='bbox 2622 3821 2721 3870; x_wconf 74' lang='lat' dir='ltr'><strong>eqS.</strong></span> 
     </span>
    </p>
   </div>
   <div class='ocr_carea' id='block_1_5' title="bbox 418 3972 2731 4603">
    <p class='ocr_par' dir='ltr' id='par_1_10' title="bbox 418 3972 2731 4603">
     <span class='ocr_line' id='line_1_35' title="bbox 567 3972 2723 4042; baseline -0 -18"><span class='ocrx_word' id='word_1_299' title='bbox 567 3977 600 4024; x_wconf 85' lang='lat'>4</span> <span class='ocrx_word' id='word_1_300' title='bbox 638 3972 787 4025; x_wconf 91' lang='lat' dir='ltr'><strong>inter</strong></span> <span class='ocrx_word' id='word_1_301' title='bbox 815 3973 943 4042; x_wconf 79' lang='lat' dir='ltr'><strong>(pro</strong></span> <span class='ocrx_word' id='word_1_302' title='bbox 972 3990 1076 4041; x_wconf 80' lang='lat' dir='ltr'><strong>quo</strong></span> <span class='ocrx_word' id='word_1_303' title='bbox 1104 3973 1392 4026; x_wconf 87' lang='lat' dir='ltr'><strong>interemit</strong></span> <span class='ocrx_word' id='word_1_304' title='bbox 1417 3976 1508 4027; x_wconf 78' lang='lat' dir='ltr'><strong>uel</strong></span> <span class='ocrx_word' id='word_1_305' title='bbox 1533 3972 1674 4026; x_wconf 88' lang='lat' dir='ltr'><strong>item</strong></span> <span class='ocrx_word' id='word_1_306' title='bbox 1702 3980 1778 4027; x_wconf 81' lang='lat' dir='ltr'><strong>est</strong></span> <span class='ocrx_word' id='word_1_307' title='bbox 1804 3975 1867 4026; x_wconf 78' lang='lat' dir='ltr'><strong>in</strong></span> <span class='ocrx_word' id='word_1_308' title='bbox 1896 3973 1948 4040; x_wconf 89' lang='grc' dir='ltr'><strong>ς)</strong></span> <span class='ocrx_word' id='word_1_309' title='bbox 1980 3973 2266 4026; x_wconf 77' lang='lat' dir='ltr'><strong>delendum</strong></span> <span class='ocrx_word' id='word_1_310' title='bbox 2293 3973 2513 4026; x_wconf 78' lang='lat' dir='ltr'><strong>uidetur</strong></span> <span class='ocrx_word' id='word_1_311' title='bbox 2541 3989 2657 4025; x_wconf 81' lang='lat' dir='ltr'><strong>eum</strong></span> <span class='ocrx_word' id='word_1_312' title='bbox 2691 3993 2723 4039; x_wconf 79' lang='grc' dir='ltr'>ρ</span> 
     </span>
     <span class='ocr_line' id='line_1_36' title="bbox 424 4051 2725 4125; baseline -0.002 -18"><span class='ocrx_word' id='word_1_313' title='bbox 424 4054 644 4121; x_wconf 83' lang='lat' dir='ltr'><strong>(Torr.),</strong></span> <span class='ocrx_word' id='word_1_314' title='bbox 681 4051 1070 4125; x_wconf 86' lang='lat' dir='ltr'><strong>inter&lt;cepit&gt;</strong></span> <span class='ocrx_word' id='word_1_315' title='bbox 1099 4055 1277 4108; x_wconf 81' lang='lat' dir='ltr'><strong>Pozak</strong></span> <span class='ocrx_word' id='word_1_316' title='bbox 1315 4053 1508 4122; x_wconf 80' lang='lat' dir='ltr'><strong>(simili</strong></span> <span class='ocrx_word' id='word_1_317' title='bbox 1536 4053 1785 4121; x_wconf 90' lang='lat' dir='ltr'><strong>pernicie</strong></span> <span class='ocrx_word' id='word_1_318' title='bbox 1814 4056 1870 4107; x_wconf 90' lang='lat' dir='ltr'><strong>I.</strong></span> <span class='ocrx_word' id='word_1_319' title='bbox 1903 4053 2158 4120; x_wconf 59' lang='lat' dir='ltr'><strong>Gronov„</strong></span> <span class='ocrx_word' id='word_1_320' title='bbox 2197 4051 2550 4104; x_wconf 86' lang='lat' dir='ltr'><strong>insimulauit</strong></span> <span class='ocrx_word' id='word_1_321' title='bbox 2587 4051 2725 4104; x_wconf 79' lang='lat' dir='ltr'><strong>item</strong></span> 
     </span>
     <span class='ocr_line' id='line_1_37' title="bbox 434 4132 2650 4203; baseline -0.002 -16"><span class='ocrx_word' id='word_1_322' title='bbox 434 4133 710 4202; x_wconf 76' lang='lat' dir='ltr'><strong>Veldhuis)</strong></span> <span class='ocrx_word' id='word_1_323' title='bbox 822 4138 853 4184; x_wconf 84' lang='lat'>9</span> <span class='ocrx_word' id='word_1_324' title='bbox 893 4132 1129 4186; x_wconf 87' lang='lat' dir='ltr'><strong>rufrium</strong></span> <span class='ocrx_word' id='word_1_325' title='bbox 1162 4136 1234 4187; x_wconf 88' lang='lat' dir='ltr'><em>M</em></span> <span class='ocrx_word' id='word_1_326' title='bbox 1236 4133 1409 4202; x_wconf 75' lang='lat' dir='ltr'><strong>GQR,</strong></span> <span class='ocrx_word' id='word_1_327' title='bbox 1449 4132 1702 4186; x_wconf 88' lang='lat' dir='ltr'><strong>rufirium</strong></span> <span class='ocrx_word' id='word_1_328' title='bbox 1737 4134 1921 4203; x_wconf 77' lang='lat' dir='ltr'><strong>(rufin-</strong></span> <span class='ocrx_word' id='word_1_329' title='bbox 1953 4135 2021 4201; x_wconf 88' lang='lat' dir='ltr'><strong>T)</strong></span> <span class='ocrx_word' id='word_1_330' title='bbox 2043 4137 2110 4198; x_wconf 86' lang='lat' dir='ltr'><strong>X,</strong></span> <span class='ocrx_word' id='word_1_331' title='bbox 2148 4132 2349 4185; x_wconf 91' lang='lat' dir='ltr'><strong>rufium</strong></span> <span class='ocrx_word' id='word_1_332' title='bbox 2378 4134 2439 4184; x_wconf 85' lang='lat' dir='ltr'><strong><em>H</em></strong></span> <span class='ocrx_word' id='word_1_333' title='bbox 2463 4132 2650 4199; x_wconf 73' lang='lat' dir='ltr'><strong>(Roth)</strong></span> 
     </span>
     <span class='ocr_line' id='line_1_38' title="bbox 419 4213 2723 4284; baseline -0.001 -18"><span class='ocrx_word' id='word_1_334' title='bbox 419 4213 708 4284; x_wconf 86' lang='lat' dir='ltr'><strong>Poppaea]</strong></span> <span class='ocrx_word' id='word_1_335' title='bbox 736 4231 792 4267; x_wconf 80' lang='lat' dir='ltr'><strong>u.</strong></span> <span class='ocrx_word' id='word_1_336' title='bbox 822 4214 899 4267; x_wconf 85' lang='lat' dir='ltr'><strong>ad</strong></span> <span class='ocrx_word' id='word_1_337' title='bbox 922 4232 978 4281; x_wconf 83' lang='lat' dir='ltr'><strong>p.</strong></span> <span class='ocrx_word' id='word_1_338' title='bbox 1008 4218 1135 4277; x_wconf 79' lang='lat'><strong>254,</strong></span> <span class='ocrx_word' id='word_1_339' title='bbox 1163 4218 1238 4267; x_wconf 79' lang='lat'><strong>20</strong></span> <span class='ocrx_word' id='word_1_340' title='bbox 1357 4220 1420 4267; x_wconf 85' lang='lat'><strong>12</strong></span> <span class='ocrx_word' id='word_1_341' title='bbox 1451 4213 1673 4267; x_wconf 84' lang='lat' dir='ltr'><strong>balileis</strong></span> <span class='ocrx_word' id='word_1_342' title='bbox 1705 4214 1773 4278; x_wconf 89' lang='lat' dir='ltr'><strong>R,</strong></span> <span class='ocrx_word' id='word_1_343' title='bbox 1804 4213 2022 4267; x_wconf 88' lang='lat' dir='ltr'><strong>balneis</strong></span> <span class='ocrx_word' id='word_1_344' title='bbox 2056 4214 2285 4267; x_wconf 84' lang='lat' dir='ltr'><em>GHXN</em></span> <span class='ocrx_word' id='word_1_345' title='bbox 2392 4218 2456 4265; x_wconf 82' lang='lat'><strong>15</strong></span> <span class='ocrx_word' id='word_1_346' title='bbox 2489 4228 2723 4280; x_wconf 86' lang='lat' dir='ltr'><strong>persepe</strong></span> 
     </span>
     <span class='ocr_line' id='line_1_39' title="bbox 420 4291 2651 4364; baseline 0 -19"><span class='ocrx_word' id='word_1_347' title='bbox 420 4295 540 4347; x_wconf 87' lang='lat' dir='ltr'><strong>XN</strong></span> <span class='ocrx_word' id='word_1_348' title='bbox 664 4299 730 4346; x_wconf 87' lang='grc'><strong>16</strong></span> <span class='ocrx_word' id='word_1_349' title='bbox 757 4292 1046 4361; x_wconf 86' lang='lat' dir='ltr'><strong>praefecto</strong></span> <span class='ocrx_word' id='word_1_350' title='bbox 1086 4293 1441 4364; x_wconf 81' lang='lat' dir='ltr'><strong>(praetorii)</strong></span> <span class='ocrx_word' id='word_1_351' title='bbox 1463 4296 1696 4363; x_wconf 74' lang='lat' dir='ltr'><strong>Bentley</strong></span> <span class='ocrx_word' id='word_1_352' title='bbox 1834 4298 1900 4347; x_wconf 89' lang='lat'><strong>18</strong></span> <span class='ocrx_word' id='word_1_353' title='bbox 1941 4291 2261 4361; x_wconf 84' lang='lat' dir='ltr'><strong>adoptionis</strong></span> <span class='ocrx_word' id='word_1_354' title='bbox 2300 4309 2427 4344; x_wconf 85' lang='lat' dir='ltr'><strong>mox</strong></span> <span class='ocrx_word' id='word_1_355' title='bbox 2465 4310 2563 4344; x_wconf 86' lang='lat' dir='ltr'><strong>om.</strong></span> <span class='ocrx_word' id='word_1_356' title='bbox 2602 4294 2651 4345; x_wconf 83' lang='lat' dir='ltr'><strong><em>G</em></strong></span> 
     </span>
     <span class='ocr_line' id='line_1_40' title="bbox 422 4372 2731 4442; baseline 0 -18"><span class='ocrx_word' id='word_1_357' title='bbox 422 4373 740 4427; x_wconf 87' lang='lat' dir='ltr'><strong>donationis</strong></span> <span class='ocrx_word' id='word_1_358' title='bbox 773 4375 848 4427; x_wconf 88' lang='lat' dir='ltr'><em>M</em></span> <span class='ocrx_word' id='word_1_359' title='bbox 979 4372 1259 4426; x_wconf 83' lang='lat' dir='ltr'><strong>fauctores</strong></span> <span class='ocrx_word' id='word_1_360' title='bbox 1302 4375 1503 4428; x_wconf 59' lang='lat' dir='ltr'><em>MRS&amp;</em></span> <span class='ocrx_word' id='word_1_361' title='bbox 1541 4376 1690 4442; x_wconf 82' lang='lat' dir='ltr'><strong>(inde</strong></span> <span class='ocrx_word' id='word_1_362' title='bbox 1727 4377 1984 4427; x_wconf 86' lang='lat' dir='ltr'><strong>auctores</strong></span> <span class='ocrx_word' id='word_1_363' title='bbox 2013 4374 2293 4437; x_wconf 63' lang='lat' dir='ltr'><strong>Salmas),</strong></span> <span class='ocrx_word' id='word_1_364' title='bbox 2331 4372 2569 4424; x_wconf 88' lang='lat' dir='ltr'><strong>factores</strong></span> <span class='ocrx_word' id='word_1_365' title='bbox 2610 4373 2731 4425; x_wconf 91' lang='lat' dir='ltr'><strong>LN</strong></span> 
     </span>
     <span class='ocr_line' id='line_1_41' title="bbox 423 4452 2720 4524; baseline -0.001 -19"><span class='ocrx_word' id='word_1_366' title='bbox 423 4459 487 4506; x_wconf 83' lang='lat'><strong>19</strong></span> <span class='ocrx_word' id='word_1_367' title='bbox 525 4452 814 4506; x_wconf 87' lang='lat' dir='ltr'><strong>interemit</strong></span> <span class='ocrx_word' id='word_1_368' title='bbox 846 4454 896 4507; x_wconf 80' lang='lat' dir='ltr'><strong><em>G</em></strong></span> <span class='ocrx_word' id='word_1_369' title='bbox 1018 4458 1084 4505; x_wconf 84' lang='lat'><strong>23</strong></span> <span class='ocrx_word' id='word_1_370' title='bbox 1124 4453 1215 4523; x_wconf 88' lang='lat' dir='ltr'><strong>ea]</strong></span> <span class='ocrx_word' id='word_1_371' title='bbox 1255 4469 1322 4505; x_wconf 84' lang='lat' dir='ltr'><strong>ex</strong></span> <span class='ocrx_word' id='word_1_372' title='bbox 1351 4470 1418 4507; x_wconf 88' lang='lat' dir='ltr'><strong>ea</strong></span> <span class='ocrx_word' id='word_1_373' title='bbox 1451 4454 1502 4507; x_wconf 78' lang='lat' dir='ltr'><em>G</em></span> <span class='ocrx_word' id='word_1_374' title='bbox 1618 4453 1834 4506; x_wconf 88' lang='lat' dir='ltr'><strong>babillo</strong></span> <span class='ocrx_word' id='word_1_375' title='bbox 1866 4454 1988 4524; x_wconf 73' lang='lat' dir='ltr'><strong>HQ,</strong></span> <span class='ocrx_word' id='word_1_376' title='bbox 2027 4453 2248 4521; x_wconf 82' lang='lat' dir='ltr'><strong>Babyla</strong></span> <span class='ocrx_word' id='word_1_377' title='bbox 2279 4454 2540 4517; x_wconf 74' lang='lat' dir='ltr'><strong>Casaub.;</strong></span> <span class='ocrx_word' id='word_1_378' title='bbox 2577 4452 2720 4515; x_wconf 68' lang='grc' dir='ltr'><em>Βάρ-</em></span> 
     </span>
     <span class='ocr_line' id='line_1_42' title="bbox 418 4533 1801 4603; baseline 0.001 -18"><span class='ocrx_word' id='word_1_379' title='bbox 418 4533 602 4603; x_wconf 79' lang='grc' dir='ltr'><strong><em>βιλλος</em></strong></span> <span class='ocrx_word' id='word_1_380' title='bbox 639 4534 847 4586; x_wconf 76' lang='lat' dir='ltr'><strong>Dionis</strong></span> <span class='ocrx_word' id='word_1_381' title='bbox 877 4537 965 4598; x_wconf 86' lang='lat'><strong>66,</strong></span> <span class='ocrx_word' id='word_1_382' title='bbox 987 4537 1021 4585; x_wconf 86' lang='lat'><em>9</em></span> <span class='ocrx_word' id='word_1_383' title='bbox 1057 4550 1192 4586; x_wconf 70' lang='lat' dir='ltr'><strong>‘num</strong></span> <span class='ocrx_word' id='word_1_384' title='bbox 1231 4534 1372 4586; x_wconf 71' lang='lat' dir='ltr'><strong>idem</strong></span> <span class='ocrx_word' id='word_1_385' title='bbox 1408 4535 1481 4587; x_wconf 75' lang='lat' dir='ltr'><strong>sit</strong></span> <span class='ocrx_word' id='word_1_386' title='bbox 1516 4536 1801 4601; x_wconf 77' lang='lat' dir='ltr'><strong>quaeritur</strong></span> 
     </span>
    </p>
   </div>
  </div>
 </body>
</html>
