3325 5209
590 392 717 455 1Ίο
1279 390 1334 444 C.
1377 386 1694 444 SVETONI
1731 388 2177 454 TRANQVILLI

580 555 864 639 turbida,
932 577 1059 638 quo
1116 554 1323 639 magis
1379 553 1586 637 pietas
1643 554 1977 637 emineret,
2043 552 2328 636 adiitque
2388 551 2882 615 uenerabundus

582 682 656 726 ac
708 683 824 745 per
879 666 1080 726 semet
1136 663 1204 726 in
1259 682 1453 724 urnas
1510 659 1825 743 condidit3
1877 680 1997 724 nec
2055 659 2298 723 minore
2354 678 2583 721 scaena
2631 656 2876 721 Ostiam

582 769 864 851 praefixo
912 768 981 832 in
1027 768 1289 832 biremis
1336 790 1555 851 puppe
1602 766 1842 830 uexillo
1881 771 1946 830 et
1981 765 2129 830 inde
2166 763 2438 829 Romam
2477 763 2695 829 Tiberi
2735 764 2881 828 sub·

581 879 802 940 uectos
849 897 965 959 per
1011 874 1607 959 splendidissimum
1657 894 1975 957 quemque
2021 873 2338 956 equestris
2385 871 2632 935 ordinis
2670 873 2880 936 medio

584 1003 655 1046 ac
701 981 1027 1065 frequenti
1082 980 1183 1045 die
1230 980 1482 1044 duobus
1537 979 1801 1044 ferculis
1845 978 2175 1043 Mausoleo
2222 978 2444 1044 intulit
2490 977 2880 1062 inferiasque
2937 1000 2963 1040 5

582 1088 639 1152 is
687 1111 898 1153 annua
946 1087 1258 1172 religione
1303 1086 1562 1170 publice
1610 1086 1922 1169 instituit,
1970 1090 2035 1150 et
2079 1107 2155 1150 eo
2204 1084 2477 1168 amplius
2525 1085 2719 1150 matri
2766 1085 2880 1149 cir-

583 1216 802 1260 censes
851 1198 1354 1278 carpentumque
1402 1215 1531 1277 quo
1578 1194 1646 1256 in
1701 1215 1941 1278 pompa
1986 1192 2443 1258 traduceretur.
2528 1195 2595 1255 at
2641 1192 2709 1255 in
2756 1213 2881 1255 me-

582 1300 852 1367 moriam
907 1301 1112 1385 patris
1169 1297 1611 1384 Septembrem
1666 1320 1950 1364 mensem
2007 1297 2453 1363 Germanicum
2508 1298 2880 1383 appellauit.

581 1412 734 1493 post
777 1406 936 1471 haec
982 1405 1305 1471 Antoniae
1352 1409 1560 1490 auiae,
1624 1405 1935 1490 quidquid
1990 1428 2297 1490 umquam
2351 1406 2539 1470 Liuia
2584 1405 2881 1491 Augusta

579 1515 901 1579 honorum
948 1515 1252 1599 cepisset,
1311 1535 1441 1577 uno
1498 1517 1760 1577 senatus
1818 1512 2111 1577 consulto
2169 1514 2520 1598 congessit3
2577 1517 2881 1597 patruum
2912 1535 2964 1574 ιο

585 1619 950 1704 Claudium,
1006 1620 1287 1704 equitem
1333 1619 1410 1685 R.
1459 1621 1539 1685 ad
1599 1621 1668 1684 id
1721 1623 2002 1704 tempus,
2060 1620 2372 1706 collegam
2429 1619 2556 1684 sibi
2610 1621 2677 1683 in
2734 1640 2880 1683 con-

586 1727 801 1791 sulatu
846 1729 1219 1812 assumpsit3
1275 1727 1538 1791 fratrem
1596 1725 1921 1791 Tiberium
1979 1726 2080 1790 die
2126 1727 2332 1790 uirilis
2379 1730 2571 1813 togae
2618 1726 2880 1809 adopta-

586 1833 681 1898 uit
727 1833 1207 1918 appellauitque
1264 1833 1623 1918 principem
1680 1834 2052 1898 iuuentutis,
2137 1834 2213 1898 de
2269 1834 2600 1899 sororibus
2656 1837 2882 1898 auctor

582 1939 726 2024 fuit,
762 1945 837 2004 ut
875 1940 1173 2005 omnibus
1201 1941 1619 2006 sacramentis
1658 1939 2088 2005 adicerentur:
2126 1962 2370 2025 neque
2407 1963 2518 2005 me
2554 1940 2881 2005 liberos-

584 2068 724 2131 que
764 2069 965 2112 meos
1002 2048 1337 2112 cariores
1372 2047 1671 2111 habebo
1712 2069 1932 2130 quam
1974 2045 2239 2111 Graium
2280 2048 2523 2112 habeo
2561 2052 2635 2112 et
2673 2069 2880 2112 soro·
2910 2067 2961 2107 15

583 2175 696 2218 res
746 2154 936 2239 eius3
989 2156 1145 2219 item
1196 2153 1618 2219 relationibus
1669 2154 2030 2218 consulum:
2088 2153 2289 2237 quod
2337 2154 2611 2218 bonum
2658 2154 2882 2219 felix-

583 2282 723 2344 que
771 2261 874 2324 sit
923 2259 987 2325 C.
1029 2259 1333 2325 Caesari
1382 2260 1934 2344 sororibusque
1982 2260 2160 2324 eius.

762 2366 910 2432 Pari
975 2368 1409 2451 popularitate
1475 2367 1809 2431 damnatos
1871 2370 2317 2452 relegatosque
2379 2367 2691 2450 restituit3
2765 2366 2882 2431 cri-

586 2475 854 2557 minum,
901 2476 956 2539 si
995 2495 1158 2558 quae
1194 2474 1451 2539 residua
1488 2495 1567 2538 ex
1603 2474 1819 2558 priore
1855 2478 2147 2558 tempore
2187 2473 2548 2558 manebant,
2595 2474 2883 2540 omnium

587 2580 863 2665 gratiam
919 2582 1098 2665 fecit3
1166 2582 1662 2646 commentarios
1722 2583 1803 2646 ad
1865 2582 2091 2645 matris
2155 2578 2553 2665 fratrumque
2620 2603 2881 2646 suorum
2910 2601 2964 2640 20

588 2708 813 2751 causas
859 2687 1268 2773 pertinentis,
1321 2710 1402 2751 ne
1451 2690 1553 2752 cui
1608 2688 2021 2772 postmodum
2078 2687 2348 2752 delatori
2400 2694 2510 2752 aut
2557 2689 2706 2771 testi
2754 2712 2880 2754 ma-

587 2796 766 2857 neret
819 2792 991 2857 ullus
1045 2799 1280 2878 metus,
1337 2800 1683 2860 conuectos
1739 2796 1809 2859 in
1860 2794 2103 2878 forum,
2160 2799 2225 2858 et
2279 2799 2427 2859 ante
2484 2796 2649 2859 clare
2708 2796 2882 2861 obte-

585 2904 792 2964 status
859 2900 1012 2965 deos
1076 2923 1284 2985 neque
1348 2902 1580 2988 legisse
1656 2923 1861 2985 neque
1936 2902 2232 2987 attigisse
2298 2903 2670 2986 quicquam,
2737 2925 2881 2967 con-

587 3007 923 3091 cremauit3
977 3007 1268 3072 libellum
1331 3007 1406 3073 de
1463 3008 1669 3072 salute
1727 3030 1842 3071 sua
1898 3008 2188 3073 oblatum
2235 3031 2367 3073 non
2412 3011 2679 3093 recepit,
2736 3032 2882 3075 con-

583 3114 848 3178 tendens
884 3113 1085 3179 nihil
1123 3115 1272 3179 sibi
1312 3115 1723 3179 admissum
1771 3137 1902 3180 cur
1939 3115 2292 3198 cuiquam
2324 3117 2623 3180 inuisus
2652 3121 2882 3198 esset,
2912 3135 2963 3176 2⁵

730 3331 797 3378 24
844 3326 1028 3381 Victor
1067 3326 1214 3381 Caes.
1238 3329 1297 3391 3,
1328 3331 1365 3379 8
1418 3324 1720 3393 delataque
1768 3325 2155 3380 coniuratione
2207 3327 2370 3395 quasi
2417 3326 2601 3380 minus
2650 3328 2882 3380 credens

587 3405 940 3474 praedicauit
970 3408 1100 3474 (-ret
1136 3407 1312 3474 codd.)
1347 3406 1445 3459 uix
1477 3405 1775 3459 conuenire
1804 3406 1865 3459 in
1902 3422 2045 3471 eum,
2086 3407 2244 3459 cuius
2282 3407 2406 3459 uita
2441 3406 2650 3460 nullius
2692 3407 2882 3475 (nullis

585 3486 676 3538 uel
711 3484 853 3538 nulli
889 3502 1129 3554 usquam
1166 3487 1422 3556 Sylbury)
1461 3487 1616 3540 oneri
1655 3489 1755 3540 aut
1791 3486 2144 3540 incommodo
2184 3489 2346 3543 esset.

732 3687 762 3734 3
792 3682 990 3734 biremi
1011 3681 1121 3735 GX
1215 3689 1246 3735 5
1276 3681 1519 3736 feruenti
1542 3684 1791 3751 Lipsiae,
1814 3685 1965 3738 Torr.
2066 3683 2313 3736 fericulis
2332 3683 2511 3737 MGY
2610 3688 2641 3735 6
2672 3683 2719 3735 is
2741 3683 2883 3747 MR,

584 3761 687 3815 has
718 3763 787 3827 L,
824 3761 911 3815 his
948 3763 1041 3815 rel.
1200 3762 1415 3831 publici
1447 3765 1521 3816 M
1678 3770 1705 3817 7
1746 3764 1830 3835 at]
1861 3764 1948 3816 Ad
1975 3764 2079 3835 hec
2100 3764 2150 3818 G
2309 3768 2375 3816 10
2414 3762 2687 3817 concessit
2708 3764 2883 3816 Hein-

582 3843 702 3896 sius
845 3847 1068 3910 patrum
1092 3842 1164 3894 M
1164 3843 1421 3911 L¹P11Q‚
1458 3861 1504 3894 P·
1532 3843 1583 3897 G
1713 3850 1779 3897 14
1818 3844 2235 3913 adi(i)cerentur
2270 3845 2467 3898 notaui
2494 3860 2560 3897 ex
2587 3844 2665 3897 ed.
2699 3842 2879 3913 Luqd.

586 3942 637 3977 α.
668 3926 812 3977 1534
849 3923 1136 3990 multisque
1172 3923 1304 3976 aliis
1338 3940 1472 3977 saec.
1505 3924 1684 3990 XVI,
1723 3924 2093 3977 adficerentur
2132 3924 2275 3993 (adf-
2316 3927 2466 3989 ΜΠ,
2520 3922 2618 3977 aff·
2656 3926 2772 3992 rel.)
2812 3926 2883 3989 Ω,

586 4003 924 4057 adiiceretur
949 4003 1029 4057 ed.
1061 4004 1240 4057 Basil.
1262 4008 1406 4057 1533
1446 4003 1768 4073 Stephanae,
1808 4004 2171 4074 adigerentur
2211 4004 2442 4060 Ursinus
2598 4003 2635 4074 <
2644 4004 2747 4075 ut>
2787 4020 2882 4057 ne-

585 4099 694 4152 que
735 4084 966 4138 Casa-ub.
1004 4084 1243 4137 retinens
1289 4083 1455 4137 adfic-
1628 4100 1810 4151 neque
1848 4083 2052 4137 liberos
2096 4085 2382 4138 Turnebus
2556 4089 2620 4136 15
2659 4084 2880 4137 habebo

586 4199 816 4263 MH2R,
853 4199 1034 4252 habeo
1072 4200 1164 4253 rel.
1338 4199 1519 4253 habeo
1558 4203 1615 4253 et
1645 4217 1678 4258 ς
1716 4201 1817 4269 (ed.
1846 4217 1929 4268 pr.
1960 4201 2116 4255 Rom.
2139 4202 2218 4267 I),
2258 4167 2465 4253 etlabeo
2501 4201 2573 4253 M
2606 4201 2704 4269 (sic
2741 4218 2807 4253 m.
2830 4205 2881 4265 1,

585 4279 713 4332 inde
760 4282 816 4331 et
863 4279 935 4331 ab
983 4295 1048 4333 eo
1077 4280 1334 4350 Bentley,
1373 4287 1435 4334 ut
1469 4287 1698 4335 notatur
1744 4298 1850 4335 esse
1896 4282 2059 4334 etiam
2105 4283 2166 4333 in
2212 4280 2326 4334 eod.
2366 4281 2777 4348 Dunelmensz),
2824 4282 2881 4332 et

584 4358 766 4412 habeo
796 4362 922 4426 XT,
973 4361 1030 4412 et
1072 4360 1124 4413 G
1159 4377 1374 4428 ponens
1417 4360 1598 4414 habeo
1638 4366 1767 4429 post
1812 4362 1957 4424 eius,
2006 4363 2062 4414 et
2098 4361 2217 4429 (del.
2248 4358 2451 4431 habeo)
2487 4361 2605 4414 edd.
2637 4361 2883 4415 Rom.Il

594 4439 723 4492 Ven.
746 4440 788 4491 I
816 4439 886 4491 al.
927 4446 977 4492 et
1011 4440 1089 4493 sic
1126 4458 1260 4494 corr.
1284 4440 1364 4493 13⁸
1400 4441 1527 4506 fort.
1558 4444 1757 4495 rectius
1917 4446 1979 4494 16
2019 4442 2266 4510 itemque
2300 4441 2351 4495 G
2519 4439 2880 4494 reuelationi-

509 4533 513 4538 ·
583 4521 688 4573 bus
725 4521 771 4571 Τ
915 4524 978 4571 19
1018 4519 1065 4572 si
1104 4535 1217 4589 qua
1244 4521 1365 4573 XN
1500 4523 1817 4589 temporum
1856 4521 2102 4575 anebant
2131 4523 2206 4576 M
