3325 5209
664 365 837 419 LXIV
1600 363 2011 419 PRAEFATIO

661 534 872 612 bridge
905 526 1123 615 1896),
1173 532 1232 593 C.
1262 534 1508 593 Hofstee
1557 526 1779 614 (Galba
1827 531 1982 593 Otho
2013 533 2313 607 Vitellius,
2361 532 2699 610 Groningae
2734 525 2955 613 1898),

662 623 708 682 Ι.
747 623 821 683 Β.
852 622 998 681 Pike
1047 614 1202 703 (Tib.
1245 622 1366 683 Cal.
1408 622 1609 682 Claud.
1650 623 1827 697 Ner0,
1874 623 2100 684 Boston
2152 616 2368 703 1903).

842 712 1048 771 Rothii
1093 712 1352 772 editione
1396 713 1622 771 factum
1670 719 1777 784 est,
1821 716 1890 771 ut
1928 712 2292 771 Suetoniana
2337 712 2553 784 studia,
2600 730 2751 786 quae
2798 729 2954 770 com-

603 811 609 818 ·
660 801 943 860 mendata
979 801 1124 861 olim
1152 801 1646 877 splendidissimis
1683 801 2019 860 nominibus
2058 793 2149 881 (in
2186 802 2279 860 his
2315 802 2471 860 Iusti
2507 801 2700 876 Lipsii
2727 799 2954 859 Grono-

661 891 1012 965 uiorumque
1074 891 1265 966 patris
1329 909 1398 950 ac
1461 883 1602 970 filii)
1668 893 1874 950 nostra
1938 893 2134 949 aetate
2198 890 2508 967 paululum
2576 889 2954 966 refrigescere

663 982 1004 1056 coeperant,
1069 979 1261 1040 denuo
1325 981 1768 1039 reuiuiscerent.
1872 979 2316 1056 inquisiuerunt
2377 980 2565 1057 igitur
2626 979 2825 1055 plures
2890 980 2955 1037 in

663 1068 937 1128 Suetonii
971 1088 1157 1146 genus
1190 1068 1423 1127 dicendi
1442 1061 1486 1149 ¹)
1526 1088 1883 1144 operamque
1922 1069 2146 1127 dabant
2181 1068 2378 1127 uerbis
2417 1068 2723 1144 scriptoris
2761 1087 2954 1126 emen-

661 1157 874 1217 dandis
920 1157 1018 1216 uel
1055 1158 1516 1234 interpretandis
1563 1177 1684 1216 non
1719 1159 1915 1234 pauci,
1959 1159 2024 1216 in
2063 1157 2136 1217 iis
2173 1158 2298 1217 Ioh.
2328 1157 2612 1217 Nicolaus
2636 1148 2955 1235 Madvig.²)

840 1336 1052 1395 Restat
1096 1339 1165 1394 ut
1209 1355 1450 1395 munere
1498 1336 1751 1413 fungens
1798 1338 1970 1415 grato
2018 1339 2244 1412 gratias
2290 1354 2468 1413 agam
2503 1337 2649 1394 uiris
2688 1334 2955 1394 doctissi-

661 1426 776 1483 mis
822 1443 1002 1500 quam
1047 1426 1339 1501 plurimis,
1387 1424 1490 1500 qui
1536 1443 1767 1484 summa
1813 1426 2092 1484 comitate
2139 1424 2372 1485 assidue
2414 1426 2785 1502 impigreque
2822 1442 2958 1482 mea

662 1532 841 1572 causa
888 1513 1115 1572 codices
1162 1514 1376 1572 iterum
1420 1515 1759 1589 iterumque
1804 1515 2171 1588 euoluerunt,
2218 1517 2290 1572 ut
2335 1515 2407 1572 de
2444 1512 2795 1572 lectionibus
2834 1531 2956 1571 cer-

659 1603 877 1662 tiorem
940 1623 1033 1662 me
1097 1603 1373 1662 facerent.
1467 1607 1604 1663 sunt
1670 1607 1869 1661 autem
1933 1606 2170 1679 praeter
2223 1621 2348 1672 eOS,
2406 1620 2552 1678 quos
2608 1604 2730 1662 iam
2777 1620 2956 1677 supra

665 1692 1020 1752 memorauit
1084 1692 1151 1750 R.
1191 1691 1365 1750 Peter
1410 1692 1835 1767 Berolinensis,
1883 1691 1988 1751 Th
2031 1692 2214 1752 Sinko
2263 1691 2689 1765 Gracouiensis,
2734 1691 2808 1749 H.
2841 1691 2956 1750 Ro-

663 1783 879 1858 stagno
947 1780 1354 1854 FlorentinuS,
1426 1779 1493 1840 G.
1543 1780 1752 1839 Ficker
1823 1781 1869 1840 Ι.
1920 1781 2125 1840 Simon
2197 1781 2291 1839 W.
2348 1780 2594 1839 Suchier
2657 1780 2957 1856 quondam

661 1869 978 1945 HalenseS,
1033 1870 1108 1929 H.
1146 1871 1191 1929 I.
1233 1870 1366 1929 Bell
1462 1871 1509 1929 Ι.
1539 1870 1609 1928 A.
1639 1869 1898 1929 Herbert
2005 1871 2071 1928 F.
2102 1869 2169 1930 G.
2197 1870 2451 1945 Kenyon
2513 1869 2958 1939 LondinienseS,

663 1958 742 2017 M.
773 1959 1004 2018 Bonnet
1048 1960 1625 2036 Montepessulanus,
1673 1960 1739 2018 F.
1774 1959 2111 2018 Haverfield
2160 1956 2533 2031 Oxoniensis,
2578 1957 2653 2016 H.
2683 1952 2956 2035 Lebegue

664 2047 739 2107 H.
781 2045 1002 2108 Omont
1062 2048 1140 2108 M.
1179 2049 1312 2124 Ray
1367 2049 1682 2124 Parisiaci,
1739 2047 1801 2107 C.
1838 2048 2101 2107 Huelsen
2156 2049 2485 2121 RomanuS,
2548 2047 2617 2106 E.
2655 2048 2958 2106 Bormann

665 2140 725 2195 et
771 2138 839 2197 R.
878 2137 1030 2198 Beer
1055 2138 1568 2212 VindobonenseS,
1615 2136 1683 2197 G.
1722 2138 2048 2197 Milchsack
2090 2137 2688 2196 WolfenbuttelanuS.
2762 2155 2957 2211 neque

662 2229 861 2286 minus
916 2228 1189 2304 gratulor
1239 2247 1333 2286 me
1389 2227 1452 2284 in
1509 2227 1797 2304 eligendis
1842 2227 2176 2305 imaginum
2221 2226 2506 2303 exemplis
2551 2226 2959 2285 consiliarium

661 2316 937 2375 habuisse
994 2317 1245 2374 Paulum
1292 2316 1489 2373 Arndt
1543 2315 1955 2374 Monacensem
2019 2318 2216 2374 uirum
2279 2315 2738 2393 iconographiae
2802 2314 2957 2390 peri-

664 2405 976 2464 tissimum.

845 2595 895 2661 1)
941 2591 1009 2645 H.
1048 2592 1113 2645 R.
1152 2590 1400 2656 Thimm,
1458 2590 1540 2644 De
1595 2609 1701 2645 usu
1756 2594 1927 2660 atque
1979 2592 2293 2646 elocutione
2350 2591 2404 2645 C.
2447 2590 2597 2645 Suet.
2641 2588 2958 2659 Tranquilli

664 2663 1007 2733 <Regimonti
1048 2666 1224 2731 1867).
1298 2663 1356 2716 Ρ.
1388 2663 1607 2733 Bagge,
1657 2663 1739 2717 De
1777 2663 1914 2718 eloc.
1947 2662 2002 2717 C.
2035 2663 2086 2716 S.
2117 2664 2178 2717 T.
2218 2663 2508 2732 (Vpsaliae
2559 2665 2731 2731 1875).
2797 2663 2980 2732 Aem„

662 2734 1042 2799 Trachmann,
1091 2733 1174 2788 De
1213 2734 1666 2788 coniunctionum
1714 2735 2024 2788 causalium
2063 2735 2212 2803 apud
2263 2735 2411 2788 Suet.
2459 2752 2563 2787 usu
2612 2733 2791 2803 (Halis
2830 2731 2956 2786 Sax.

667 2808 842 2874 1886).
908 2805 972 2858 R.
1004 2804 1236 2873 Diipow,
1275 2805 1358 2860 De
1396 2805 1546 2859 Suet.
1585 2807 1990 2860 consuetudine
2029 2806 2297 2861 sermonis
2336 2806 2694 2875 quaestiones
2733 2805 2959 2874 (Berge-

663 2876 794 2931 dorf
828 2880 1003 2945 1895).
1068 2876 1108 2930 Ι.
1138 2876 1226 2928 W.
1258 2876 1504 2942 Freund,
1552 2877 1634 2930 De
1666 2878 1813 2932 Suet.
1852 2896 1956 2931 usu
1996 2880 2163 2945 atque
2202 2894 2404 2948 genere
2443 2876 2667 2931 dicendi
2707 2876 2958 2941 (Vratisl.

669 2951 845 3016 1901).
910 2948 970 3001 L.
1000 2947 1315 3013 DalmassO,
1362 2948 1443 3001 La
1479 2950 1848 3019 grammatica
1890 2949 1948 3002 di
1987 2947 2043 3002 C.
2085 2948 2345 3002 Svetonio
2382 2949 2472 3002 Tr.
2512 2947 2739 3017 (Torino
2779 2951 2956 3015 1906).

544 3051 549 3056 ·
663 3019 734 3073 cf.
775 3019 947 3073 etiam
985 3018 1047 3073 G.
1078 3019 1151 3072 M.
1181 3019 1354 3087 Lame,
1393 3019 1646 3073 Harvard
1687 3020 1842 3074 Stud.
1872 3020 1949 3072 IX
1988 3025 2124 3073 1898
2163 3039 2217 3088 p.
2252 3027 2312 3073 17
2337 3038 2457 3102 sqq:
2522 3021 2587 3072 A.
2619 3019 2682 3071 A.
2713 3017 2959 3071 Howard

663 3090 801 3143 ibid.
822 3089 871 3142 X
894 3095 1029 3143 1899
1061 3109 1113 3159 p.
1146 3097 1211 3144 23
1234 3109 1352 3159 sqq.
1418 3093 1597 3144 totam
1618 3092 1860 3159 denique
1883 3091 2280 3145 Suetonianam
2299 3091 2649 3159 prouinciam
2669 3089 2959 3157 amplexus

664 3165 750 3215 est
787 3161 850 3214 A.
882 3161 1056 3227 Mace,
1094 3161 1254 3214 Essai
1292 3180 1386 3215 sur
1416 3162 1654 3216 Suetone
1695 3163 1872 3231 (Paris
1914 3165 2098 3231 1900);
2137 3164 2284 3216 inest
2316 3162 2586 3215 librorum
2626 3164 2958 3229 conspectus

663 3249 776 3287 non
812 3232 1011 3301 plenus
1049 3252 1103 3301 p.
1137 3238 1361 3286 17-24.

844 3308 895 3374 2)
933 3305 1274 3359 Aduersaria
1311 3304 1431 3359 crit.
1459 3304 1486 3357 I
1521 3307 1705 3373 (1871)
1743 3323 1797 3372 p.
1832 3310 1922 3372 19,
1966 3305 2017 3357 Π
2053 3309 2233 3374 (1873)
2272 3323 2327 3373 p.
2358 3308 2461 3356 570
2483 3321 2621 3372 sqq.,
2659 3303 2737 3356 m
2774 3305 2956 3371 (1884)

663 3394 718 3444 p.
737 3381 838 3429 247
857 3394 975 3445 sqq.
1024 3375 1262 3430 aliorum
1292 3376 1428 3429 alibi
1455 3377 1800 3430 mentionem
1828 3375 1952 3429 feci.
2011 3377 2102 3430 hic
2130 3377 2435 3429 addantur:
2468 3374 2524 3429 C.
2546 3375 2604 3427 F.
2625 3374 2715 3426 W.
2737 3374 2957 3439 Mfiller,

664 3446 864 3500 Rhein.
894 3448 1034 3501 Mus.
1067 3453 1135 3501 20
1165 3451 1346 3516 (1865)
1385 3466 1438 3516 p.
1473 3453 1572 3501 155
1595 3465 1716 3515 sqq.
1784 3446 2146 3514 Cornelissen,
2187 3447 2559 3502 Coniectanea
2587 3446 2790 3499 Latina
2828 3446 2957 3514 (Da-

662 3519 912 3575 ventriae
968 3523 1125 3587 1870)
1166 3522 1224 3574 et
1270 3520 1535 3573 Mnemos.
1573 3518 1650 3572 VI
1688 3522 1868 3588 (1878)
1915 3538 1970 3587 p.
2013 3525 2134 3572 313.
2197 3518 2366 3572 Henr.
2406 3516 2642 3584 Alanus,
2690 3517 2957 3572 Codicum

663 3588 918 3644 Suetonii
955 3607 1177 3643 suorum
1207 3591 1443 3644 duorum
1482 3590 1764 3658 specimen
1801 3607 1904 3645 nec
1940 3607 2052 3644 non
2087 3590 2504 3644 obseruationes
2543 3588 2761 3657 aliquot
2797 3588 2959 3641 addi-

665 3662 753 3714 dit
788 3661 857 3715 H.
888 3662 951 3714 A.
982 3660 1257 3731 <Dublinii
1296 3665 1353 3715 et
1389 3661 1651 3715 Londinii
1692 3664 1866 3731 1873).
1941 3662 2006 3715 V.
2036 3661 2323 3716 Jernstedt
2369 3662 2460 3730 (de
2505 3661 2654 3713 notis
2693 3660 2811 3714 eius
2851 3661 2958 3713 cri-

665 3732 811 3799 ticis,
850 3750 988 3800 quas
1027 3751 1076 3785 a.
1110 3738 1246 3785 1876
1284 3732 1345 3785 in
1381 3732 1738 3801 ephemeride
1779 3733 2006 3786 Rossica
2043 3734 2238 3800 edidit,
2285 3733 2526 3787 relatum
2564 3735 2649 3786 est
2685 3731 2818 3784 Rev.
2858 3732 2956 3785 des

667 3802 879 3857 Revues
907 3802 933 3855 I
960 3822 1013 3872 p.
1047 3809 1175 3867 275;
1208 3803 1276 3858 cf.
1306 3804 1491 3856 Herm.
1525 3811 1591 3856 24
1620 3823 1675 3872 Ρ.
1700 3808 1836 3870 479).
1896 3804 1962 3857 Η.
1984 3805 2024 3858 I.
2045 3804 2238 3872 Polak,
2273 3805 2512 3873 Pal-erga
2541 3810 2743 3873 (progr.
2766 3820 2955 3873 gymn.

664 3873 981 3928 Erasmiani
1017 3875 1504 3929 Roterodamensis
1547 3879 1720 3944 1882).
1788 3876 1854 3928 Η.
1884 3875 2143 3941 Kraffert,
2183 3876 2441 3945 Beitr’age
2481 3893 2578 3927 zur
2616 3874 2804 3928 Kritik
2840 3875 2957 3927 und

664 3945 984 4017 Erklarung
1034 3947 1129 4012 lat.
1168 3947 1414 4000 Antoren
1452 3949 1655 4016 (progr.
1697 3947 1921 4000 Aurich.
1965 3951 2138 4016 1882).
2221 3947 2262 4000 Ι.
2293 3947 2347 4000 C.
2380 3947 2442 4000 G.
2473 3947 2641 4013 Boot,
2688 3946 2955 3999 Mnemos.

664 4016 845 4070 XVIII
872 4021 1052 4087 (1890)
1072 4036 1125 4085 p.
1150 4023 1267 4070 359.
1317 4017 1377 4070 Τ.
1399 4017 1772 4084 Halbertsma,
1793 4018 2025 4071 Aduers.
2053 4020 2174 4072 crit.
2197 4018 2420 4084 (Leidae
2447 4022 2604 4086 1896)
2635 4035 2688 4086 Ρ.
2713 4022 2814 4070 168
2835 4034 2955 4084 sqq.

664 4087 725 4143 P.
756 4089 1012 4155 Thomas,
1050 4089 1337 4158 Melanges
1374 4089 1516 4142 Paul
1553 4089 1851 4157 Fredericq
1890 4090 2072 4158 (BruX.
2106 4092 2262 4158 1904)
2301 4107 2355 4157 Ρ.
2387 4092 2469 4141 38.
