3325 5209
569 384 698 450 338
1264 383 1321 439 C.
1360 383 1676 439 SVETONI
1712 383 2158 449 TRANQVILLI

568 546 954 612 Flauialium
1017 549 1156 632 pari
1210 547 1470 632 habitu,
1522 548 1650 612 nisi
1707 547 1880 637 quod
1934 547 2197 625 illorum
2244 549 2498 634 coronis
2546 548 2750 612 inerat
2797 553 2863 613 et

570 654 773 738 ipsius
821 655 1053 740 imago.
1137 654 1498 729 celebrabat
1545 659 1609 720 et
1654 655 1722 718 in
1760 652 2016 720 Albano
2056 655 2397 739 quotannis
2436 653 2862 737 Quinquatria

567 761 914 845 Mineruae,
961 763 1065 853 cui
1113 762 1456 848 collegium
1505 762 1888 845 instituerat,
1935 784 2013 826 ex
2061 784 2188 845 quo
2237 766 2407 826 sorte
2447 762 2622 828 ducti
2661 762 2862 848 magi-

569 869 765 933 sterio
810 869 1235 954 fungerentur
1280 869 1667 953 ederentque
1713 869 1979 933 eximias
2019 869 2394 934 uenationes
2432 873 2495 933 et
2535 870 2858 934 scaenicos

566 975 753 1040 ludos
799 997 1117 1060 superque
1165 979 1490 1040 oratorum
1537 996 1613 1039 ac
1657 980 1993 1060 poetarum
2039 976 2405 1041 certamina.
2915 1001 2942 1042 5

499 1099 530 1147 5
622 1099 628 1104 ·
752 1081 1169 1169 Congiarium
1217 1084 1459 1167 populo
1508 1105 1918 1147 nummorum
1967 1087 2367 1147 trecenorum
2415 1087 2515 1147 ter
2553 1084 2728 1148 dedit
2773 1087 2863 1146 at-

570 1212 693 1274 que
723 1191 893 1255 inter
928 1188 1293 1274 spectacula
1317 1189 1599 1254 muneris
1628 1188 2061 1274 largissimum
2095 1190 2356 1274 epulum
2386 1188 2862 1273 Septimontiali

565 1299 591 1345 †
606 1319 932 1362 sacrorum
971 1297 1227 1381 quidem
1263 1297 1517 1361 senatui
1555 1298 1885 1382 equitique
1922 1297 2223 1382 panariis,
2273 1296 2488 1381 plebei
2535 1295 2860 1381 sportellis

566 1427 711 1469 011111
758 1405 1027 1469 obsonio
1076 1403 1437 1469 distributis
1484 1404 1740 1471 initium
1789 1405 2088 1469 uescendi
2123 1405 2368 1489 primus
2404 1405 2586 1488 fecit3
2633 1404 2862 1487 disque

566 1511 864 1595 proximo
931 1532 1119 1576 omne
1182 1534 1387 1597 genus
1451 1533 1666 1575 rerum
1732 1511 2002 1576 missilia
2055 1511 2322 1596 sparsit,
2387 1515 2451 1575 et
2507 1511 2659 1595 quia
2713 1510 2859 1595 pars
2890 1535 2944 1576 ιο

566 1618 771 1685 maior
818 1620 987 1683 intra
1031 1617 1368 1703 popularia
1415 1618 1749 1702 deciderat,
1797 1619 2281 1711 quinquagenas
2318 1622 2591 1684 tesseras
2629 1619 2697 1681 in
2732 1617 2858 1680 sin-

567 1727 754 1809 gulos
804 1721 1040 1791 cuneos
1087 1718 1400 1810 equestris
1446 1748 1520 1790 ac
1567 1726 1873 1790 senatorii
1920 1708 2163 1790 ordinis
2208 1726 2671 1809 pronuntiauit.

495 1830 537 1896 5
746 1832 1033 1897 Plurima
1078 1837 1142 1896 et
1188 1833 1582 1917 amplissima
1618 1853 1813 1916 opera
1850 1833 2142 1898 incendio
2182 1833 2523 1916 absumpta
2558 1831 2862 1912 restituit,

565 1940 634 2004 in
693 1941 838 2024 quis
896 1944 959 2004 et
1017 1938 1430 2024 Capitolium,
1487 1940 1658 2024 quod
1712 1961 1936 2004 rursus
1993 1944 2261 2025 arserat3
2318 1939 2429 2005 sed
2476 1940 2690 2005 omnia
2728 1939 2861 2002 -sub

564 2046 756 2111 titulo
805 2052 1057 2112 tantum
1105 2069 1222 2113 suo
1268 2068 1343 2112 ac
1388 2047 1526 2112 sine
1562 2046 1698 2112 ulla
1735 2047 1996 2131 pristini
2034 2046 2314 2111 auctoris
2343 2047 2665 2113 memoria.
2747 2067 2861 2110 no·
2890 2068 2941 2110 1⁶

564 2177 711 2219 uam
765 2158 981 2221 autem
1036 2155 1344 2219 excitauit
1392 2153 1615 2221 aedem
1671 2155 1739 2218 in
1786 2152 2107 2237 Capitolio
2154 2151 2443 2217 Custodi*
2468 2153 2611 2218 Ioui
2657 2157 2722 2218 et
2765 2153 2859 2217 fo·

564 2284 707 2328 rum
757 2261 930 2346 quod
973 2284 1146 2326 1111110
1189 2259 1256 2326 N
1258 2283 1446 2325 0111110
1492 2264 1780 2346 uocatur,
1838 2262 1993 2325 item
2039 2258 2301 2325 Flauiae
2348 2261 2662 2344 templum
2711 2281 2858 2346 gen-

564 2369 649 2433 tis
708 2372 772 2433 et
828 2368 1105 2432 stadium
1150 2372 1217 2433 et
1273 2367 1490 2432 odium
1544 2371 1612 2437 et
1655 2367 2105 2431 naumachiam
2114 2418 2132 2451 ,
2193 2388 2226 2430 e
2274 2369 2455 2432 cuius
2501 2371 2728 2450 postea
2770 2366 2858 2430 la-

564 2476 711 2560 pide
757 2476 1074 2539 maximus
1124 2476 1330 2539 circus
1377 2475 1619 2538 deustis
1667 2475 1991 2558 utrimque
2025 2474 2335 2543 lateribus
2373 2478 2706 2539 extructus
2743 2477 2854 2538 est.

490 2579 536 2643 6
744 2582 1208 2667 Expeditiones
1261 2581 1497 2665 partim
1559 2584 1792 2664 sponte
1838 2582 2135 2666 suscepit,
2190 2582 2427 2665 partim
2473 2583 2857 2647 necessario:
2886 2604 2941 2644 20

707 2763 771 2812 13
800 2758 1036 2832 Eutrop.
1070 2758 1190 2811 VII
1208 2761 1300 2823 23,
1322 2761 1356 2810 5
1383 2756 1594 2812 Romae
1623 2773 1845 2824 quoque
1882 2756 2064 2811 multa
2101 2773 2272 2826 opera
2308 2756 2463 2824 fecit,
2490 2758 2550 2810 in
2578 2758 2666 2811 his
2695 2757 2858 2827 Capi-

560 2838 762 2895 tolium
800 2840 857 2892 et
892 2837 1097 2892 Forum
1133 2835 1518 2890 transitorium
1535 2878 1548 2903 ,
1594 2836 1866 2890 Diuorum
1912 2836 2187 2905 porticus,
2233 2837 2407 2890 Isium
2453 2854 2520 2892 ac
2567 2836 2859 2906 Serapium

561 2921 619 2972 et
647 2918 903 2977 Stadium
933 2917 1110 2987 (Hier.
1140 2919 1322 2972 chron.
1361 2936 1411 2971 a.
1442 2921 1588 2971 2105
1625 2918 1696 2983 cf.
1729 2917 1926 2971 (Ilvron.
1956 2935 2008 2970 a.
2039 2921 2144 2971 354
2172 2935 2232 2986 p.
2265 2920 2409 2987 147).
2496 2919 2679 2973 Victor
2708 2920 2856 2973 Cae-3.

563 3005 648 3066 11,
676 3003 711 3052 4
746 2998 1036 3067 multaque
1083 3014 1315 3067 operum
1358 2997 1624 3055 inchoata
1668 3012 1770 3065 per
1820 2998 2042 3066 patrem
2089 2997 2180 3052 uel
2216 2996 2406 3052 fratris
2453 2998 2639 3052 studio
2687 2999 2859 3066 atque

562 3076 821 3149 inprimis
868 3077 1209 3148 Capitolium
1261 3077 1521 3133 absoluit.
1603 3079 1760 3146 Epit.
1790 3082 1876 3144 11,
1907 3082 1941 3131 3
1978 3078 2191 3132 Romae
2230 3078 2418 3132 multa
2464 3078 2719 3131 aedificia
2762 3078 2857 3131 uel

561 3162 761 3229 coepta
797 3159 891 3213 1101
920 3174 953 3215 a·
980 3158 1363 3215 fundamentis
1403 3157 1729 3211 construxit.
1794 3159 1863 3224 cf.
1899 3159 2034 3212 Oros
2073 3158 2196 3212 VII
2214 3163 2303 3226 10,
2330 3162 2368 3212 2
2403 3158 2673 3229 plurimas
2700 3157 2857 3211 urbis

561 3240 727 3293 aedes
766 3239 1064 3294 destructis
1101 3238 1299 3307 populi
1336 3237 1574 3291 Romani
1611 3237 1778 3291 rebus
1816 3238 2079 3292 extruxit.
2224 3243 2293 3290 20
2315 3256 2433 3307 sqq.
2464 3240 2701 3308 Eutrop.
2743 3240 2868 3293 VII

558 3324 651 3386 23,
678 3325 713 3374 4
751 3319 1134 3388 expeditiones
1172 3320 1437 3385 quattuor
1472 3318 1698 3384 habuit,
1737 3334 1910 3373 unam
1945 3318 2244 3372 aduersum
2283 3317 2583 3384 Sarmatae,
2622 3319 2856 3379 alteram

562 3401 863 3453 aduersum
900 3399 1092 3454 Cattos
1132 3398 1346 3468 (cathos
1378 3417 1432 3453 u.
1463 3400 1517 3465 l„
1554 3397 1796 3461 Κάτθας
1822 3401 2074 3468 Paean),
2140 3398 2279 3452 duas
2319 3399 2619 3453 aduersum
2656 3399 2855 3453 Dacos.

561 3480 631 3534 de
681 3480 849 3533 Dacis
898 3479 1186 3547 Cattisque
1232 3478 1572 3548 (cathisque,
1619 3478 1937 3547 chattisque
1978 3497 2033 3532 u.
2073 3481 2128 3548 l.)
2178 3478 2460 3549 duplicem
2507 3479 2853 3548 triumphum

557 3561 695 3632 egit,
735 3561 803 3615 de
843 3560 1112 3613 Sarmatis
1152 3560 1328 3612 solam
1364 3552 1615 3623 {auream
1650 3560 1962 3628 usurpauit.
2037 3559 2243 3613 multas
2280 3562 2468 3612 tamen
2503 3558 2856 3622 calamitates

559 3641 739 3694 isdem
774 3639 938 3694 bellis
984 3657 1183 3710 passus
1229 3642 1341 3707 est;
1388 3642 1521 3692 nam
1556 3640 1616 3692 in
1654 3638 1935 3694 Sarmatia
1972 3640 2122 3710 legio
2170 3640 2289 3693 eius
2337 3656 2464 3709 011111
2502 3639 2645 3694 (11100
2681 3641 2852 3693 inter·
2952 3685 2954 3688 ,

555 3720 708 3777 'flecta
759 3723 868 3788 est,
919 3723 978 3774 et
1015 3736 1049 3773 a
1086 3719 1254 3774 Dacis
1302 3717 1515 3788 Oppius
1562 3719 1800 3773 Sabinus
1853 3720 2160 3774 consularis
2211 3721 2269 3773 et
2305 3719 2592 3774 Cornelius
2643 3719 2854 3773 Fuscus

704 3887 736 3932 4
772 3880 1180 3948 redderentque
1215 3881 1370 3939 codd.
1393 3887 1613 3950 praeter
1635 3881 1741 3934 Μὸ
1888 3886 1916 3933 7
1958 3880 2264 3949 epopulum
2294 3883 2378 3947 M,
2407 3880 2681 3949 populum
2711 3883 2746 3933 ὃ

560 3959 992 4030 septimontialis
1012 3963 1061 4013 Τ
1189 3960 1416 4029 epulum
1451 3960 1866 4028 Septimontiali
1895 3978 2075 4014 sacro:
2117 3978 2243 4014 cum
2276 3961 2504 4028 quidem
2534 3964 2581 4015 I.
2617 3962 2853 4016 Gronov.

551 4041 928 4112 probabiliter,
967 4040 1380 4110 Septimontiali
1421 4058 1575 4094 sacro
1605 4041 1835 4110 quidem
1870 4043 2022 4096 Torr.
2055 4043 2107 4109 (ς
2118 4040 2186 4109 2),
2224 4033 2641 4110 Septimontiali
2671 4057 2849 4094 sacro-

559 4141 683 4175 rum
712 4122 938 4191 quidem
970 4121 1060 4175 die
1087 4123 1237 4191 uuly.
1260 4128 1389 4190 post
1415 4121 1741 4175 Sabellicum
1771 4120 2237 4190 (Septimontiale.
2306 4121 2595 4175 Sacrorum
2625 4123 2854 4190 quidem

559 4203 653 4257 die
691 4203 1008 4268 Handius),
1053 4194 1157 4254 alii
1201 4203 1363 4255 aliter
1409 4201 1713 4270 (quondam
1747 4218 1851 4268 pro
1889 4201 2116 4269 quidem
2146 4217 2365 4270 propos.
2392 4203 2563 4269 =Torr.
2602 4203 2854 4274 Bentley)

559 4289 590 4336 8
628 4283 782 4351 plebi
822 4281 1128 4351 isportellis
1161 4281 1303 4348 ΜΘ,
1338 4280 1494 4358 plebi
1531 4298 1613 4350 sp.
1644 4283 1680 4333 ὃ
1860 4286 1926 4334 10
1966 4280 2215 4334 massilia
2246 4284 2342 4349 M,
2387 4283 2660 4336 massillia
2700 4290 2752 4338 et
2789 4285 2854 4336 in

557 4380 730 4433 mary.
768 4370 967 4416 resecta
1006 4379 1071 4415 m.
1102 4367 1132 4415 1
1171 4360 1202 4413 ‘l
1239 4360 1560 4433 missil<ia>
1604 4362 1672 4428 G,
1719 4361 1982 4414 massalia
2020 4365 2056 4416 δ
2278 4369 2342 4417 16
2380 4363 2689 4417 custodiuit
2725 4364 2783 4417 et
2810 4366 2857 4415 'I’

562 4447 627 4495 18
666 4444 723 4495 et
759 4442 949 4495 odium
989 4442 1106 4509 (ho-
1140 4443 1209 4509 G>
1253 4442 1322 4494 M
1327 4442 1436 4508 GT,
1484 4446 1541 4495 et
1586 4441 1962 4494 exmetodium
1992 4445 2050 4493 X
2223 4459 2253 4496 0
2301 4443 2483 4514 0111110]
2531 4447 2589 4497 et
2632 4461 2766 4497 usus
2800 4445 2851 4497 G

561 4528 625 4576 129
666 4522 735 4575 de
773 4521 936 4575 iustis
967 4514 1098 4590 11¹9
