3325 5209
322 1530 380 1569 10

324 2061 379 2101 15

322 2595 381 2634 20

320 3127 378 3167 25

1130 383 1348 438 DIVVS
1386 383 1623 437 IVLIVS
1664 395 1795 444 [cst.
1829 394 2001 443 1‘1—201
2673 383 2713 446 9

595 546 805 632 Igitur
861 568 1004 611 cum
1060 546 1300 611 Bibulo
1358 546 1584 611 consul
1639 551 1907 610 creatur.
2000 545 2265 611 eandem
2322 546 2404 609 ob
2459 567 2715 610 causam
2754 565 2784 612 2

411 676 612 737 opera
659 654 738 717 ab
796 652 1218 736 optimatibus
1274 654 1422 717 data
1479 658 1606 737 est,
1668 657 1742 716 ut
1787 653 2159 737 prouinciae
2205 653 2443 716 futuris
2490 673 2715 716 consu-

410 759 586 825 libus
643 760 893 824 minimi
950 761 1225 844 negotii,
1282 760 1346 824 id
1402 765 1501 825 est
1541 760 1757 824 *siluae
1816 760 2157 843 callesque,
2214 759 2713 823 decernerentur.

413 888 543 949 qua
587 868 862 931 maxime
909 867 1143 930 iniuria
1189 867 1531 930 instinctus
1579 867 1877 931 omnibus
1926 866 2157 930 officiis
2207 863 2496 929 Gnaeum
2532 865 2715 929 Pom-

409 974 632 1057 peium
710 973 1070 1037 adsectatus
1144 977 1242 1037 est
1317 974 1634 1037 offensum
1710 973 2001 1056 patribus
2012 1025 2029 1055 ,
2104 973 2276 1056 quod
2340 971 2715 1036 Mithridate

409 1101 564 1163 rege
610 1082 786 1144 uicto
845 1081 1249 1144 cunctantius
1306 1080 1837 1144 confirmarentur
1884 1083 2026 1144 acta
2081 1101 2222 1162 sua3
2276 1078 2714 1162 Pompeioque

409 1185 702 1250 Marcum
773 1185 1071 1250 Crassum
1136 1186 1579 1251 reconciliauit
1649 1190 1933 1250 ueterem
2008 1185 2341 1249 inimicum
2415 1207 2495 1248 ex
2570 1206 2714 1248 con-

412 1293 645 1376 sulatu,
694 1315 885 1376 quem
932 1314 1183 1356 summa
1231 1292 1551 1358 discordia
1587 1294 1782 1356 simul
1826 1296 2182 1377 gesserant3
2229 1314 2304 1357 ac
2345 1293 2715 1357 societatem

410 1420 559 1463 cum
608 1402 881 1482 utroque
930 1399 1094 1483 iniit,
1139 1421 1222 1463 ne
1270 1400 1426 1483 quid
1473 1403 1772 1484 ageretur
1819 1401 1887 1462 in
1932 1421 2001 1463 re
2046 1399 2323 1482 publica,
2372 1399 2545 1482 quod
2591 1399 2715 1461 dis-

410 1505 748 1590 plicuisset
786 1506 903 1569 ulli
942 1528 975 1570 e
1013 1507 1234 1570 tribus.
1320 1508 1483 1571 inito
1521 1506 1766 1570 honore
1801 1508 2048 1590 primus
2089 1506 2375 1570 omnium
2414 1506 2715 1588 instituit,
2734 1506 2823 1571 20

410 1617 485 1675 ut
530 1617 663 1676 tam
712 1616 967 1676 senatus
1018 1634 1210 1695 quam
1265 1614 1494 1696 populi
1540 1614 1769 1676 diurna
1824 1617 1964 1677 acta
2012 1613 2361 1678 confierent
2407 1616 2471 1676 et
2507 1611 2716 1696 publi-

412 1723 722 1783 carentur.
810 1720 1145 1802 antiquum
1203 1721 1397 1783 etiam
1453 1719 1791 1802 re<t>tulit
1848 1742 2118 1801 morem,
2185 1722 2255 1782 ut
2314 1741 2441 1802 quo
2498 1740 2714 1782 mense

408 1825 618 1888 fasces
663 1847 795 1888 non
840 1826 1121 1910 haberet,
1168 1848 1473 1890 accensus
1520 1829 1668 1890 ante
1716 1847 1863 1890 eum
1912 1827 2057 1912 iret,
2102 1828 2360 1890 lictores
2407 1847 2577 1909 pone
2622 1846 2715 1888 se-

413 1936 775 2015 querentur.
853 1932 995 2017 lege
1043 1937 1256 1997 autem
1305 1934 1557 2017 agraria
1604 1934 2015 2017 promulgata
2052 1933 2539 1997 obnuntiantem
2590 1932 2713 1996 col-

409 2038 623 2122 legam
693 2038 887 2101 armis
958 2039 1100 2103 foro
1168 2041 1417 2123 expulit
1482 2062 1557 2105 ac
1619 2044 1880 2123 postero
1953 2040 2055 2103 die
2134 2040 2203 2102 in
2280 2043 2506 2102 senatu
2570 2059 2716 2102 con-

413 2148 711 2227 questum
771 2166 890 2209 nec
938 2167 1260 2229 quoquam
1311 2151 1592 2230 reperto,
1640 2148 1751 2229 qui
1801 2169 1991 2230 super
2036 2146 2151 2209 tali
2200 2147 2714 2209 consternatione

408 2251 644 2314 referre
706 2255 818 2316 aut
878 2272 1133 2316 censere
1193 2252 1439 2336 aliquid
1501 2254 1786 2331 auderet,
1860 2253 2075 2335 qualia
2135 2252 2340 2316 multa
2400 2274 2587 2334 saepe
2646 2252 2714 2313 in

408 2356 762 2422 leuioribus
810 2359 1016 2424 turbis
1065 2359 1318 2423 decreta
1365 2364 1572 2442 erant,
1617 2360 1686 2422 in
1734 2380 1873 2422 eam
1922 2359 2135 2443 coegit
2182 2358 2712 2441 desperationem,

410 2467 510 2544 ut,
572 2466 783 2547 quoad
842 2469 1162 2548 potestate
1224 2465 1444 2548 abiret,
1507 2464 1700 2529 domo
1761 2465 2014 2529 abditus
2071 2464 2234 2528 nihil
2290 2464 2461 2528 aliud
2520 2485 2712 2547 quam

415 2592 531 2654 per
578 2571 785 2635 edicta
832 2572 1260 2636 obnuntiaret.

544 2676 728 2740 Vnus
775 2700 853 2742 ex
900 2700 975 2742 eo
1022 2683 1311 2760 tempore
1359 2679 1575 2742 omnia
1621 2678 1691 2741 in
1734 2701 1803 2741 re
1840 2676 2101 2761 publica
2138 2681 2201 2740 et
2247 2676 2328 2740 ad
2375 2674 2713 2739 arbitrium
2751 2696 2781 2743 2

411 2783 918 2867 administrauit,
974 2789 1048 2848 ut
1092 2782 1392 2848 nonnulli
1447 2784 1839 2848 urbanorum
1859 2836 1876 2868 ,
1934 2805 2077 2848 cum
2136 2783 2292 2866 quid
2338 2804 2454 2866 per
2501 2783 2713 2846 iocum

411 2890 690 2953 testandi
745 2891 952 2974 gratia
1009 2889 1366 2976 signarent,
1423 2911 1553 2954 non
1613 2888 1879 2954 Caesare
1936 2895 2000 2954 et
2059 2889 2323 2974 Bibulo,
2380 2890 2490 2953 sed
2545 2887 2713 2953 Iulio

411 3001 476 3060 et
543 2995 806 3061 Caesare
882 2997 1253 3061 consulibus
1328 3000 1542 3060 actum
1618 2996 1972 3061 scriberent
2033 2996 2133 3060 bis
2200 2997 2473 3060 eundem
2537 3009 2714 3079 prae-

410 3109 722 3188 ponentes
759 3105 1020 3170 nomine
1060 3108 1251 3187 atque
1291 3104 1692 3188 cognomine,
1730 3109 1929 3187 utque
1966 3103 2168 3188 uulgo
2208 3126 2359 3168 mox
2395 3105 2716 3169 ferrentur

409 3210 480 3273 hi
526 3231 750 3275 uersus
795 3212 909 3295 <F
912 3210 1048 3275 PR
1081 3232 1149 3292 p.
1179 3209 1373 3292 330>:

558 3435 584 3481 1
624 3431 692 3496 cf.
733 3431 970 3499 Eutrop.
1003 3430 1092 3484 VI
1112 3433 1199 3496 17,
1232 3434 1262 3483 1
1302 3446 1429 3482 cum
1466 3429 1525 3482 L.
1565 3429 1768 3484 Bibulo
1809 3429 2002 3483 consul
2041 3432 2126 3483 est
2163 3429 2364 3482 factus.

558 3633 585 3679 1
640 3628 860 3680 creatus
902 3626 1021 3679 GT
1174 3632 1204 3679 2
1259 3626 1331 3679 ab
1382 3643 1483 3680 om.
1525 3643 1557 3684 ς
1720 3631 1751 3678 3
1803 3625 1862 3677 id
1915 3628 2002 3679 est
2054 3624 2232 3679 siluae
2279 3624 2562 3692 callesque
2609 3626 2710 3679 del.

420 3707 681 3772 Wllems,
721 3706 897 3759 siluae
937 3705 1220 3774 callesque
1260 3707 1321 3759 id
1359 3709 1445 3760 est
1480 3705 1701 3758 minimi
1740 3724 1792 3758 n.
1835 3706 2189 3759 Halbertsma
2333 3712 2367 3759 4
2404 3705 2712 3774 instigatus

410 3788 645 3856 Bentley
789 3790 820 3838 5
871 3786 1172 3840 adsecutus
1218 3788 1293 3839 M
1297 3786 1332 3851 ¹,
1388 3787 1678 3839 assecutus
1718 3786 1791 3837 M
1795 3785 1832 3851 ²,
1891 3787 2200 3838 assectatus
2247 3788 2339 3840 rel.
2491 3790 2518 3837 7
2565 3785 2713 3838 Mar-

409 3868 563 3936 cum]
618 3885 691 3920 m.
744 3864 880 3921 GX'
1033 3872 1096 3920 10
1152 3866 1398 3934 primum
1445 3866 1639 3919 Modd.
1802 3872 1862 3917 11
1924 3865 2326 3920 conficerentur
2380 3865 2596 3934 (confit-
2642 3867 2711 3934 S)

418 3944 576 4000 ΫῬ2
591 3946 662 4002 0²
808 3952 876 3999 13
930 3946 1126 4000 consul
1173 3952 1301 4000 ante
1348 3962 1612 4000 accensus
1661 3946 1790 3999 add.
1830 3947 2081 4017 Bentley,
2129 3952 2256 3999 ante
2292 3945 2474 4000 fasces
2517 3946 2712 3999 Medd.

415 4032 481 4079 14
521 4026 952 4080 abnuntiantem
994 4026 1153 4079 M²X
1184 4030 1262 4095 (re
1293 4032 1421 4094 post
1459 4025 1529 4078 ab
1567 4043 1636 4080 83.
1678 4026 1778 4095 La)
1927 4032 1993 4079 16
2041 4041 2186 4095 quae
2226 4028 2301 4080 Μ
2307 4045 2333 4080 ε
2480 4032 2545 4079 18
2593 4028 2712 4079 tur-

409 4106 499 4176 pis
542 4107 630 4177 9¹,
668 4106 850 4175 culpis
889 4107 1013 4161 HR
1028 4107 1141 4177 (2²0
1288 4111 1354 4157 22
1392 4105 1757 4160 urbaniorum
1796 4108 2030 4176 Bentley
2068 4108 2157 4174 (cf.
2191 4108 2343 4175 Vesp.
2374 4109 2469 4176 20)
2613 4123 2715 4176 per

409 4187 595 4241 iocum
626 4194 753 4255 post
798 4186 1089 4256 signarent
1127 4188 1292 4255 ponit
1338 4188 1516 4251 Toron,
1564 4186 1664 4240 del.
1711 4188 1765 4241 Ο.
1798 4187 2009 4257 Nc‘iyler
2153 4192 2218 4239 23
2265 4187 2503 4240 testanti
2543 4188 2618 4240 M
2622 4187 2712 4255 1δ,

409 4269 609 4322 testati
650 4269 723 4321 Μ
734 4268 815 4338 'Q
852 4269 1104 4339 &loss-am
1159 4267 1357 4322 testati
1414 4266 1749 4319 dicebantur
1799 4266 1898 4333 qui
1948 4268 2289 4320 testamento
2342 4266 2716 4336 signabantur

410 4349 588 4403 adscr.
620 4349 694 4401 M
705 4347 746 4418 ²)
912 4348 1070 4418 23s24
1110 4362 1296 4401 cesare
1336 4349 1393 4399 et
1429 4346 1568 4399 iulio
1603 4347 1692 4405 Ος
1732 4346 1917 4415 (Oud.)
2082 4351 2149 4399 24
2187 4346 2275 4399 bis
2304 4364 2472 4414 usque
2510 4363 2713 4416 cogno-

409 4427 562 4481 mine
582 4445 703 4482 cum
723 4428 918 4497 Lipsio
938 4429 1390 4482 damnantvnulti
1494 4429 1873 4494 proponentes
1902 4428 1981 4480 ed.
2006 4429 2398 4481 Torr.a.1578
2519 4432 2585 4479 25
2616 4443 2712 4479 no-

411 4507 563 4561 mine
602 4510 770 4575 atque
811 4508 1141 4577 cognomine
1180 4508 1279 4561 del.
1320 4507 1514 4560 Modd.
1661 4508 1873 4573 ut*que
1912 4506 1954 4574 (i
1990 4510 2168 4575 erasa)
2201 4507 2271 4559 M
