3325 5209
1242 363 1618 419 VITELLIVS
1657 376 1799 447 [cn.
1820 376 1996 425 16—18]
2357 440 2368 449 “
2580 446 2600 458 ⁴
2637 363 2768 427 305

467 532 531 593 et
577 533 772 593 caeno
820 527 1307 611 incessentibu8‚
1355 526 1498 591 'aliis
1546 526 2011 593 incendiarium
2059 530 2124 591 et
2167 510 2560 611 patinarium
2598 508 2772 592 uoci-

466 634 842 718 ferantibuS‚
889 638 1072 719 parte
1118 632 1301 719 uulgi
1349 633 1545 699 etiam
1593 635 1879 719 corporis
1926 632 2088 699 uitia
2133 634 2589 720 exprobrante3
2635 638 2772 698 erat

469 741 638 807 enim
694 741 764 805 in
820 763 894 805 eo
953 740 1234 805 enormis
1290 741 1641 825 proceritas
1651 791 1671 825 ,
1727 740 1921 806 facies
1981 740 2211 806 rubida
2265 740 2645 825 plerumque
2692 762 2769 803 ex

469 847 854 930 uinulentia,
908 850 1136 912 uenter
1193 848 1452 932 obcenae,
1508 847 1784 912 alterum
1840 849 2051 912 femur
2104 846 2438 912 subdebile
2485 847 2771 931 impulsu

417 980 442 1020 ε
473 954 629 1019 olim
678 953 1044 1040 quadrigae,
1092 976 1240 1019 cum
1287 952 1611 1040 auriganti
1660 952 1821 1019 Gaio
1869 953 2375 1019 ministratorem
2423 952 2771 1019 exhiberet.

467 1061 726 1127 tandem
800 1061 970 1145 apud
1044 1059 1389 1126 Gemonias
1454 1060 1909 1126 minutissimis
1975 1061 2212 1125 ictibus
2287 1061 2772 1126 excarnificatus

471 1154 665 1253 atque
711 1169 1042 1232 confectus
1091 1172 1188 1232 est
1235 1172 1299 1231 et
1345 1168 1493 1232 inde
1538 1190 1707 1234 unco
1755 1172 2001 1234 tractus
2049 1168 2117 1232 in
2162 1167 2467 1233 Tiberim.

447 1344 448 1347 Ἴ
647 1273 850 1338 Periit
887 1296 1033 1338 cum
1078 1275 1278 1339 fratre
1325 1279 1390 1338 et
1436 1274 1573 1338 filio
1623 1297 1791 1339 anno
1840 1275 2012 1338 uitae
2061 1273 2335 1360 septimo
2376 1272 2767 1360 quinquage-
2786 1271 2876 1339 18

470 1380 660 1467 simo3
705 1401 823 1444 nec
868 1380 1102 1445 fefellit
1158 1380 1481 1446 coiectura
1528 1403 1747 1446 eorum
1798 1380 1910 1465 qui
1956 1379 2257 1466 augurio,
2305 1381 2479 1465 quod
2526 1380 2770 1446 factum
2800 1432 2815 1441 ,

391 1515 444 1554 10
471 1487 530 1551 ei
567 1486 856 1552 Viennae
903 1487 1300 1552 ostendimus
1337 1488 1511 1570 (cap.
1551 1488 1651 1570 9),
1699 1509 1831 1552 non
1877 1487 2052 1551 aliud
2097 1486 2399 1572 portendi
2443 1486 2771 1572 praedixe-

472 1596 618 1657 rant
654 1616 847 1678 quam
885 1599 1229 1659 venturum
1267 1594 1335 1658 in
1373 1594 1645 1658 alicuius
1685 1592 2002 1658 GaHicani
2037 1593 2319 1659 hominis
2365 1598 2771 1679 potestatem,

471 1700 787 1785 siquidem
825 1699 906 1764 ab
944 1699 1232 1764 Antonio
1275 1699 1496 1764 Primo
1537 1700 1947 1764 aduersarum
1984 1700 2270 1785 partium
2308 1701 2465 1764 duce
2513 1722 2772 1785 oppres·

474 1828 581 1872 sus
630 1812 743 1889 est,
790 1806 894 1871 cui
932 1806 1206 1871 Tolosae
1250 1810 1403 1871 nato
1454 1828 1810 1892 cognomen
1861 1806 1930 1871 in
1966 1806 2243 1891 pueritia
2278 1807 2488 1871 Becco
2535 1807 2772 1872 fuerat:

474 1914 536 1977 id
586 1915 761 1978 ualet
805 1913 1144 2000 gallinacei
1190 1917 1487 1978 rostrum.

616 2110 648 2159 8
687 2108 924 2175 Eutrop.
966 2107 1090 2161 VII
1108 2111 1196 2172 18,
1226 2110 1260 2161 6
1309 2106 1481 2175 periit
1519 2147 1531 2160 .
1566 2146 1578 2158 .
1609 2148 1621 2160 .
1661 2106 1863 2160 aetatis
1915 2122 2061 2158 anno
2113 2105 2351 2174 septimo
2389 2107 2447 2161 et
2498 2106 2772 2174 quinqua-

472 2187 703 2256 gesimO.
761 2188 917 2256 Epit.
939 2191 994 2253 8,
1016 2190 1050 2240 5
1078 2186 1223 2238 uixit
1252 2203 1425 2240 annos
1455 2185 1868 2255 quinquaginta
1897 2187 2135 2254 septem.
2185 2186 2255 2251 cf.
2288 2187 2471 2241 Victor
2493 2186 2642 2241 Caes.
2659 2190 2715 2252 8,
2737 2190 2774 2240 6·

451 2282 648 2400 -annolsi
699 2269 864 2321 natus
917 2267 1332 2336 quinquaginta
1380 2268 1437 2320 et
1491 2268 1710 2335 septem
1762 2265 2144 2335 (septuaginta
2194 2267 2253 2319 et
2302 2266 2551 2334 quinque
2597 2266 2775 2335 codd.)

473 2365 602 2416 amp
650 2365 731 2402 us,

619 2514 646 2561 1
686 2508 1137 2562 incendinarium
1173 2509 1232 2561 et
1268 2507 1635 2576 platinarium
1668 2506 1720 2560 G-
1863 2512 1898 2560 4
1935 2504 2247 2559 uinolentia
2279 2505 2493 2560 G-X'I’N
2640 2504 2775 2558 olim

472 2588 720 2657 impulsu
753 2590 805 2644 G
914 2595 945 2643 5
984 2588 1423 2642 ministratorem
1454 2604 1511 2641 se
1546 2587 1813 2654 GPOET,
1852 2603 1910 2640 se
1948 2586 2084 2640 min.
2120 2587 2156 2639 ὃ
2264 2591 2296 2638 9
2333 2586 2455 2658 qui]
2496 2585 2595 2654 qui
2632 2586 2692 2638 in
2724 2586 2775 2641 G·

476 2710 543 2757 10
582 2704 635 2758 ei
672 2720 773 2759 om.
804 2706 859 2759 P
1017 2670 1268 2757 *uiennae
1301 2705 1374 2757 M
1403 2703 1444 2772 (i
1481 2701 1694 2769 erasa?‚
1732 2702 1848 2757 iss.
1888 2720 1956 2756 m.
1995 2705 2052 2770 2)
2227 2707 2293 2754 14
2330 2701 2621 2771 gallinacii
2653 2701 2706 2757 G

615 2786 817 2840 subscr.
857 2802 902 2838 c.
932 2784 1152 2838 suetoni
1197 2783 1491 2852 tranquilli
1530 2785 1600 2836 de
1636 2782 1762 2836 uita
1809 2798 2014 2837 caesar.
2045 2782 2296 2836 uitellius
2335 2782 2534 2851 explic.
2572 2780 2777 2850 incipit

473 2864 842 2932 nespasianus
871 2864 1113 2918 feliciter
1134 2867 1209 2919 M
1222 2870 1272 2918 et
1296 2866 1418 2918 sim.
1438 2863 1663 2918 GHRP
1688 2862 1951 2932 (feliciter
1977 2879 2079 2917 om.
2113 2862 2237 2928 GR,
2267 2862 2436 2930 incip.
2466 2879 2619 2931 uesp.
2649 2861 2774 2917 feli-

476 2944 617 2998 citer
634 2961 736 2998 om.
764 2947 836 3013 P)
947 2944 1178 3013 explicit
1208 2943 1451 2999 uitellus.
1499 2943 1702 3012 incipit
1728 2943 2092 3013 uespasianus
2119 2941 2363 2996 feliciter
2390 2942 2436 3012 Q
2543 2942 2776 3010 explicit

474 3023 573 3078 lib.
603 3023 770 3078 VIIII.
810 3025 1012 3095 incipit
1049 3025 1120 3079 de
1157 3024 1489 3094 uespasiano
1527 3023 1625 3077 lib.
1653 3023 1706 3076 X
1744 3023 1841 3078 LS
1876 3023 1967 3091 (de
2003 3038 2159 3091 uesp.
2198 3039 2299 3077 om.
2329 3023 2389 3091 S)

588 4587 858 4627 Svmomvs
888 4588 955 4627 ed.
985 4588 1118 4626 Ihm.
1175 4588 1211 4626 1.
2280 4579 2347 4627 20
