3325 5209
934 2416 1018 2500 O.
1088 2414 1526 2501 SVETONI
1592 2415 2224 2518 TRANQVILLI

747 2569 952 2665 DE
1047 2569 1222 2666 VI
1264 2569 1468 2666 TA
1567 2569 1852 2668 OAE
1897 2569 2405 2668 SARVM

1415 2743 1633 2796 LIBER
1669 2742 1746 2797 VI

1380 2870 1777 2954 NERO

605 3065 710 3130 Ex
757 3070 947 3150 'gente
996 3067 1283 3131 Domitia
1340 3067 1501 3130 duae
1546 3066 1831 3130 familiae
1878 3066 2262 3150 claruerunt,
2310 3065 2725 3132 Caluinorum
2761 3066 2798 3132 1

428 3179 491 3237 et
526 3171 1207 3257 A<h>enobarborum.
1299 3172 1799 3256 A<h>enobarbi
1846 3176 2172 3237 auctorem
2227 3173 2496 3259 originis
2542 3174 2723 3238 item-

429 3303 550 3364 que
607 3281 1009 3365 cognominis
1068 3280 1309 3343 habent
1354 3279 1425 3343 L.
1462 3278 1850 3362 Domitium,
1907 3279 2010 3343 cui
2064 3302 2213 3343 rure
2261 3279 2584 3363 quondam
2630 3303 2724 3344 re-

427 3389 704 3452 uertenti
736 3388 1001 3451 iuuenes
1031 3387 1273 3473 gemini
1311 3386 1685 3471 augustiore
1720 3386 1930 3450 forma
1958 3409 2035 3449 ex
2068 3408 2337 3451 occursu
2374 3387 2726 3471 imperasse

376 3517 401 3558 ῦ
428 3496 786 3577 traduntur,
832 3496 1159 3558 nuntiaret
1213 3493 1463 3558 senatui
1509 3514 1583 3557 ac
1628 3493 1872 3577 populo
1918 3493 2287 3577 uictoriam,
2333 3494 2413 3558 de
2458 3516 2585 3577 qua
2630 3494 2724 3557 in-

429 3606 673 3666 certum
713 3601 920 3665 adhuc
959 3605 1120 3685 erat3
1160 3607 1351 3685 atque
1388 3602 1455 3663 in
1492 3600 1685 3663 fidem
1727 3600 2083 3664 maiestatis
2123 3601 2279 3663 adeo
2310 3600 2724 3684 permulsisse

428 3710 655 3792 malaS‚
702 3715 775 3774 ut
822 3732 856 3772 e
901 3710 1089 3794 nigro
1136 3707 1404 3771 rutilum
1452 3706 1713 3790 aerique
1759 3707 2118 3771 adsimilem
2156 3706 2460 3790 capillum
2506 3706 2724 3771 redde-

426 3821 585 3879 rent.
671 3817 841 3898 quod
878 3817 1131 3901 insigne
1168 3813 1406 3878 mansit
1452 3820 1515 3878 et
1562 3815 1632 3877 in
1667 3813 1942 3897 posteris
1991 3814 2145 3896 eius,
2193 3835 2266 3877 ac
2303 3835 2537 3899 magna
2575 3836 2722 3897 pars

427 3924 622 3986 rutila
702 3924 901 3987 barba
979 3924 1257 3987 fuerunt.
1366 3922 1573 3985 functi
1645 3926 1861 3984 autem
1944 3921 2383 3986 consulatibus
2458 3925 2722 4005 septem,
2761 3937 2792 3985 2

348 4056 401 4095 10
427 4030 757 4115 triumpho
824 4052 1216 4113 censuraque
1272 4028 1513 4112 duplici
1578 4033 1642 4093 et
1699 4029 1869 4092 inter
1931 4027 2239 4112 patricios
2295 4027 2526 4093 adlecti
2581 4049 2722 4112 per-

574 4214 600 4260 1
640 4207 813 4261 Schol.
846 4207 1069 4260 Lucam·
1095 4210 1148 4272 2,
1179 4210 1288 4259 510
1318 4206 1400 4259 W.
1442 4221 1509 4258 ex
1546 4206 1716 4273 gente
1744 4203 1995 4257 Domitia
2034 4204 2179 4256 duae
2216 4202 2468 4256 familiae
2507 4202 2720 4257 clarue-

426 4289 574 4352 runt,
613 4285 774 4340 Calui
811 4289 869 4340 et
905 4285 1282 4353 Ahenobarbi,
1320 4287 1384 4338 ut
1421 4284 1561 4338 dicit
1599 4283 1912 4338 Suetonius

568 4454 599 4501 2
640 4448 1079 4502 aenobarborum
1111 4447 1274 4500 MGo
1451 4451 1485 4498 4
1523 4445 1848 4514 augustiore
1886 4461 2021 4499 corr.
2052 4460 2118 4498 ex
2165 4444 2441 4497 auctiores
2475 4443 2548 4497 Μ
2569 4447 2655 4512 (m.
2688 4448 2719 4498 1

427 4536 487 4583 ut
524 4530 761 4597 uidetur)
934 4533 962 4580 7
1003 4526 1242 4579 similem
1284 4526 1336 4581 G
1477 4524 1657 4594 pilum
1697 4527 1894 4579 Burm.
