3325 5209
588 403 716 466 248
1289 401 1343 455 G.
1385 402 1699 456 SVETONI
1736 401 2179 466 TRANQVILLI

587 566 833 631 Romae
895 566 1061 630 circa
1123 564 1447 650 Sigillaria
1516 566 1861 629 comitatus
1932 569 2027 628 est
2088 564 2435 628 identidem
2497 564 2888 628 exosculans.

588 694 735 736 nam
784 673 1007 736 matris
1055 672 1469 736 concubitum
1525 673 1849 755 appetisse
1907 676 1971 735 et
2018 671 2097 734 ab
2148 670 2688 735 obtrectatoribus
2735 671 2888 755 eiuS,

589 801 669 843 ne
716 778 898 842 ferox
954 782 1146 862 atque
1202 779 1523 862 impotens
1571 778 1806 842 mulier
1853 781 1918 841 et
1973 779 2098 843 hoc
2143 799 2373 863 genere
2420 778 2665 862 gratiae
2711 799 2888 861 prae-

587 886 858 967 ualeret,
914 886 1289 950 deterritum
1345 907 1534 948 nemo
1596 885 1938 968 dubitauit,
1995 886 2220 967 utique
2285 888 2633 968 postquam
2689 907 2887 948 mere-

587 992 840 1074 tricem,
889 1014 1080 1076 quam
1128 992 1301 1055 fama
1348 996 1485 1055 erat
1530 989 1932 1077 Agrippinae
1982 991 2395 1072 simillimam,
2441 990 2611 1054 inter
2656 1013 2883 1055 concu-
2943 1017 2968 1056 5

587 1100 771 1163 binas
819 1099 1076 1182 recepit.
1163 1099 1316 1161 olim
1366 1098 1560 1161 etiam
1609 1097 1907 1180 quotiens
1966 1097 2194 1162 lectica
2248 1119 2394 1160 cum
2449 1101 2654 1162 matre
2700 1098 2887 1161 uehe-

586 1210 778 1284 retur,
807 1205 1219 1270 libidinatum
1258 1205 1498 1267 inceste
1537 1225 1610 1267 ac
1648 1203 1919 1268 maculis
1948 1204 2149 1267 uestis
2179 1203 2505 1286 proditum
2546 1203 2886 1267 affirmant.

481 1311 571 1376 29
773 1310 967 1377 Suam
1009 1312 1266 1396 quidem
1305 1310 1683 1394 pudicitiam
1729 1333 1931 1393 usque
1968 1312 2126 1374 adeo
2165 1311 2518 1396 prostituit,
2563 1314 2637 1374 ut
2673 1315 2888 1375 conta-

586 1420 849 1483 minatis
897 1440 1098 1502 paene
1146 1417 1445 1481 omnibus
1493 1417 1803 1482 membris
1850 1417 2201 1481 nouissime
2250 1419 2433 1500 quasi
2470 1439 2671 1503 genus
2707 1417 2886 1482 lusus

588 1525 1009 1610 excogitaret,
1077 1546 1204 1607 quo
1271 1525 1440 1588 ferae
1503 1524 1672 1607 pelle
1738 1528 2069 1589 contectus
2134 1527 2535 1588 emitteretur
2600 1547 2632 1588 e
2696 1546 2890 1589 cauea
2917 1551 2972 1589 10

588 1632 1003 1714 uirorumque
1060 1652 1133 1695 ac
1196 1632 1581 1696 feminarum
1644 1632 1723 1695 ad
1785 1633 2073 1716 stipitem
2135 1632 2562 1717 deligatorum
2624 1633 2890 1717 inguina

588 1737 918 1801 inuaderet
979 1741 1071 1822 et,
1131 1760 1275 1801 cum
1338 1738 1580 1802 affatim
1644 1738 2059 1821 desaeuisset,
2121 1740 2539 1803 conficeretur
2594 1762 2631 1802 a
2685 1738 2887 1823 Dory-

587 1845 794 1928 phoro
842 1844 1106 1931 liberto3
1155 1845 1259 1909 cui
1306 1845 1520 1929 etiam,
1569 1845 1734 1908 sicut
1782 1845 1908 1929 ipsi
1948 1843 2211 1930 Sporus,
2255 1846 2347 1909 ita
2395 1847 2532 1929 ipse
2571 1847 2887 1930 denupsit,

588 1972 778 2015 uoces
828 1973 1082 2034 quoque
1132 1955 1195 2015 et
1241 1952 1565 2016 heiulatus
1613 1953 1747 2015 uim
1785 1953 2168 2034 patientium
2208 1952 2537 2037 uirginum
2577 1953 2883 2017 imitatus,

589 2079 667 2121 ex
706 2058 1033 2122 nonnullis
1073 2060 1356 2143 comperi
1385 2059 1947 2143 persuasissimum
1986 2058 2288 2121 habuisse
2329 2082 2471 2124 eum
2512 2060 2886 2124 neminem
2923 2081 2968 2122 ιε

586 2163 970 2228 hominem
1000 2166 1362 2248 pudicum
1395 2170 1522 2229 aut
1568 2165 1726 2228 ulla
1769 2166 2114 2248 corporis
2144 2170 2360 2249 parte
2389 2188 2658 2248 purum
2699 2189 2888 2248 esse,

589 2293 851 2335 uerum
921 2271 1336 2355 plerosque
1398 2272 1894 2336 dissimulare
1950 2274 2227 2335 uitium
2285 2278 2359 2337 et
2418 2273 2699 2337 callide
2756 2296 2887 2358 op-

590 2379 876 2463 tegere3
923 2378 1193 2461 ideoque
1236 2379 1545 2463 professis
1593 2380 1767 2463 apud
1813 2401 1879 2442 se
1927 2378 2429 2445 obscaenitatem
2478 2384 2688 2443 cetera
2736 2403 2887 2464 quo·

591 2506 714 2566 que
762 2484 1146 2548 concessisse
1194 2483 1443 2549 delicta.

491 2586 583 2653 30
774 2589 1164 2655 Diuitiarum
1215 2595 1279 2655 et
1316 2591 1622 2676 pecuniae
1660 2592 1942 2655 fructum
1978 2613 2112 2655 non
2149 2592 2347 2656 alium
2385 2593 2657 2675 putabat
2695 2616 2886 2677 quam
2919 2617 2971 2655 20

733 2773 897 2835 2sqq.
935 2769 1004 2834 cf.
1044 2767 1229 2820 Victor
1260 2767 1406 2820 Caes.
1439 2770 1490 2831 5,
1511 2770 1632 2834 Ssq.
1676 2768 1846 2833 atque
1894 2767 2042 2819 inter
2077 2766 2217 2819 haec
2263 2771 2500 2820 matrem
2544 2769 2719 2822 etiam
2757 2786 2885 2822 con-

589 2846 958 2900 taminauisse
1004 2846 1194 2915 plures
1241 2846 1478 2911 habent,
1527 2846 1658 2897 dum
1700 2862 1767 2899 ea
1815 2862 2036 2914 quoque
2076 2847 2272 2899 ardore
2311 2847 2641 2901 dominandi
2680 2849 2885 2903 scelere

591 2925 846 2996 quolibet
891 2925 1071 2980 subici
1118 2926 1298 2979 filium
1346 2926 1516 2994 cupit.
1584 2926 1642 2977 id
1693 2943 1796 2995 ego
1844 2943 2185 2993 quamquam
2242 2927 2605 2995 scriptoribus
2665 2929 2888 2983 diuersa

589 3005 944 3059 firmantibus
981 3023 1178 3060 uerum
1211 3006 1355 3074 'puto
1395 3007 1572 3074 (Epit.
1606 3012 1657 3070 5,
1680 3012 1712 3058 5
1741 3009 1979 3059 matrem
2017 3007 2188 3060 etiam
2228 3009 2419 3076 stupro
2460 3010 2887 3076 contaminauit‚

592 3084 762 3155 quam
788 3087 1147 3156 postmodum
1177 3086 1503 3154 interemit).
1549 3086 1699 3140 Oros.
1734 3087 1858 3140 VII
1877 3091 1927 3152 7,
1945 3091 1983 3139 :2-
2012 3090 2086 3155 (α.
2109 3089 2182 3140 ad
2204 3088 2236 3140 l.
2251 3091 2323 3156 8).
2473 3093 2503 3140 8
2537 3090 2718 3142 Victor
2740 3092 2886 3144 Cae&

591 3172 643 3233 5,
664 3172 772 3236 5³41·
812 3183 878 3221 eo
916 3184 1243 3237 progressus
1283 3168 1385 3233 est,
1422 3165 1508 3219 uti
1545 3182 1728 3232 neque
1769 3183 1903 3220 suae
1940 3184 2121 3234 neque
2152 3167 2389 3220 aliorum
2420 3168 2732 3237 pudicitiae
2760 3186 2887 3237 par-

591 3264 721 3301 cens
761 3248 909 3316 (haec
946 3266 1012 3302 ea:
1049 3249 1192 3302 Suet.
1228 3248 1343 3301 Cal.
1367 3249 1459 3315 36)
1499 3246 1572 3298 ad
1606 3249 1916 3299 extremum
1956 3248 2195 3301 amictus
2232 3248 2565 3301 nubentium
2604 3249 2888 3318 uirginum

591 3328 804 3396 specie,
851 3328 1043 3396 palam
1083 3329 1307 3394 senatu,
1348 3328 1477 3379 dote
1518 3327 1671 3393 data,
1711 3328 1928 3381 cunctis
1967 3328 2114 3381 festa
2151 3345 2304 3382 more
2341 3328 2758 3382 celebrantibus
2798 3331 2885 3395 (cf.

585 3426 642 3475 p.
663 3412 792 3475 247,
815 3412 904 3476 19)
951 3408 1010 3461 in
1047 3424 1277 3461 manum
1326 3407 1656 3460 conueniret
1701 3407 1849 3460 lecto
1897 3424 1965 3461 ex
2011 3408 2267 3461 omnibus
2315 3409 2668 3477 prodigiosis.
2736 3410 2887 3478 quod

593 3504 729 3540 sane
766 3488 824 3540 in
864 3505 928 3541 eo
975 3488 1155 3541 leuius
1204 3488 1633 3541 aestimandum.
1693 3488 1902 3556 quippe
1939 3488 2232 3541 noxiorum
2280 3489 2485 3541 uinctis
2533 3490 2699 3542 modo
2737 3488 2886 3558 pelle

591 3569 774 3622 tectus
812 3567 965 3621 ferae
1003 3568 1228 3636 utrique
1269 3567 1423 3621 sexui
1464 3567 1740 3635 genitalia
1767 3568 1931 3621 uultu
1962 3569 2373 3633 contrectabat;
2412 3572 2637 3621 exactor
2665 3570 2888 3637 parium

591 3648 803 3701 maiore
831 3648 1049 3717 flagitio
1083 3649 1229 3715 (inde
1260 3650 1479 3702 breuius
1508 3649 1661 3716 Epit.
1688 3652 1738 3714 5,
1760 3652 1830 3715 5).
1885 3650 2033 3703 Oros,
2068 3650 2182 3702 VII
2214 3653 2263 3714 7,
2282 3653 2319 3701 2
2356 3648 2690 3702 libidinibus
2719 3666 2883 3717 porro

591 3729 767 3781 tantis
807 3728 1129 3797 exagitatus
1176 3731 1286 3789 est,
1334 3730 1398 3781 ut
1448 3744 1517 3780 ne
1567 3745 1601 3781 a
1646 3731 1827 3780 matre
1873 3729 2101 3796 quidem
2149 3728 2241 3781 uel
2289 3745 2472 3781 sorore
2519 3728 2711 3781 ullaue
2759 3747 2888 3782 con-

594 3808 995 3877 sanguinitatis
1034 3809 1350 3861 reuerentia
1389 3808 1728 3860 abstinuisse
1766 3809 2056 3874 referatur,
2093 3809 2279 3861 uirum
2307 3809 2365 3861 in
2392 3825 2620 3862 uxorem
2649 3810 2886 3875 duxerit,

590 3889 713 3957 ipse
752 3906 786 3942 a
823 3888 943 3941 uiro
982 3892 1046 3941 ut
1082 3906 1220 3941 uxor
1258 3890 1522 3957 acceptus
1562 3887 1649 3940 sit.

736 4057 765 4102 2
807 4050 876 4102 ab
912 4050 1019 4119 ῼε,
1067 4049 1139 4102 ad
1178 4051 1238 4100 Π
1271 4052 1408 4118 (exp.
1439 4066 1506 4102 m.
1536 4053 1618 4114 2),
1669 4065 1768 4101 om.
1808 4051 1897 4102 rel.
1932 4051 2051 4118 (Ω),
2099 4050 2227 4102 inde
2274 4047 2345 4100 ab
2392 4049 2702 4103 rectoribus
2750 4053 2886 4104 coni.

592 4132 825 4199 Bentley
971 4136 1001 4182 5
1041 4145 1186 4198 quae
1224 4129 1405 4181 forma
1445 4131 1565 4181 erat
1601 4130 1666 4180 A.
1708 4128 1994 4181 simillima
2038 4130 2322 4182 &Becker
2466 4130 2674 4202 (esse)
2715 4130 2889 4183 simil-

591 4210 787 4263 limam
810 4212 1045 4279 Madviy
1170 4215 1198 4261 7
1240 4210 1327 4279 ac]
1360 4226 1393 4261 a
1416 4208 1532 4274 ΡΟ,
1564 4211 1620 4260 et
1651 4226 1701 4274 ς,
1731 4226 1830 4262 om.
1860 4210 1910 4261 Τ
1934 4210 2278 4277 (G.Beclcer),
2309 4227 2371 4261 ex
2409 4210 2627 4263 Gruter.
2741 4211 2889 4264 affir-

593 4290 827 4342 mabant
858 4293 932 4344 M
956 4290 1012 4358 (b
1043 4307 1109 4343 eoe
1136 4308 1174 4341 n
1203 4306 1338 4343 corr.
1360 4294 1423 4341 ut
1440 4290 1555 4341 uid.
1577 4306 1646 4341 m.
1672 4291 1723 4357 1)
1853 4294 1884 4342 8
1924 4288 2118 4359 Suam]
2149 4288 2327 4352 Quam
2361 4289 2412 4342 G-
2533 4296 2562 4342 9
2601 4308 2780 4359 poene
2804 4293 2889 4357 M,

591 4369 758 4437 plene
793 4371 858 4436 G,
888 4386 1030 4439 pene
1059 4371 1152 4424 rel.
1265 4375 1331 4422 10
1369 4369 1706 4437 excogitarit
1735 4369 1964 4439 Bentley
2070 4376 2130 4422 11
2168 4368 2371 4438 stipem
2404 4372 2477 4423 M
2482 4373 2562 4423 Τδ
2664 4378 2727 4424 12
2758 4388 2889 4425 eua-

594 4450 751 4502 deret
783 4453 854 4503 M
989 4457 1053 4501 14
1090 4449 1372 4502 heiulatus
1404 4451 1479 4502 M
1481 4452 1547 4514 G,
1585 4448 1662 4502 ei·
1691 4450 1782 4502 rel.
1925 4455 1987 4501 16
2027 4449 2316 4502 hominum
2348 4452 2454 4504 Me
2483 4453 2626 4518 (t'ort.
2657 4455 2889 4521 rectius),

591 4545 694 4585 om.
722 4528 790 4584 N
