3325 5209
608 351 690 415 72
1308 347 1362 402 O.
1404 349 1718 406 SVETONI
1755 349 2199 416 TRANQVILLI

598 514 748 578 dem
795 513 1200 598 litigatorum
1245 513 1528 595 praetori
1575 512 1913 597 delegabat
1958 513 2232 598 urbano,
2288 518 2356 577 at
2401 513 2897 597 prouincialium

605 620 1047 686 consularibus
1094 619 1271 702 uiris,
1319 641 1479 702 quos
1529 619 1818 704 singulos
1857 619 2165 704 cuiusque
2209 620 2579 704 prouinciae
2615 621 2897 706 negotiis

603 726 1092 811 praeposuisset.
1869 791 1874 792 ff

499 831 592 897 34
785 832 991 918 Leges
1035 832 1411 896 retractauit
1457 836 1523 896 et
1569 833 1876 915 quasdam
1926 855 2022 902 ex,
2048 834 2302 919 integro
2344 834 2575 917 sanxit,
2621 837 2695 897 ut
2731 856 2898 900 sum-

601 940 925 1025 ptuariam
991 943 1055 1004 et
1096 939 1197 1003 ‘de
1260 938 1590 1003 adulteriis
1657 942 1721 1003 et
1787 940 1864 1004 de
1926 941 2264 1024 pudicitia,
2330 941 2406 1005 de
2470 940 2748 1024 ambitu,
2821 940 2898 1004 de
2954 964 2979 1005 5

601 1045 980 1112 maritandis
1045 1046 1430 1112 ordinibus·
1502 1046 1670 1110 hanc
1734 1068 1881 1114 cum
1955 1047 2286 1131 aliquanto
2355 1049 2639 1114 seuerius
2705 1070 2898 1131 quam

602 1158 846 1218 ceteras
902 1153 1323 1236 emendasset,
1385 1176 1537 1237 prae
1592 1154 1878 1220 tumultu
1938 1155 2370 1222 recusantium
2429 1154 2712 1239 perferre
2765 1176 2898 1218 non

600 1261 817 1345 potuit
859 1260 987 1326 nisi
1034 1260 1331 1344 adempta
1376 1260 1632 1328 demum
1678 1261 1958 1326 lenitaue
2004 1265 2187 1346 parte
2224 1283 2576 1345 poenarum
2614 1265 2678 1325 et
2715 1282 2898 1325 uaca-

531 1382 562 1429 2
602 1368 777 1433 tione
824 1367 1059 1432 trienni
1106 1366 1255 1432 data
1291 1367 1625 1451 auctisque
1660 1368 1981 1451 praemiis,
2055 1369 2147 1433 sic
2185 1390 2441 1453 quoque
2477 1368 2897 1433 abolitionem

542 1525 545 1528 .
603 1474 740 1539 eius
784 1473 1049 1557 publico
1097 1474 1460 1557 spectaculo
1508 1475 1922 1558 pertinaciter
1966 1477 2333 1560 postulante
2380 1476 2611 1560 equite,
2659 1475 2896 1540 accitos
2926 1500 2978 1539 ιο

604 1579 969 1645 Germanici
1012 1580 1253 1648 liberos
1294 1585 1718 1665 receptosque
1764 1582 2002 1665 partim
2057 1582 2137 1646 ad
2187 1605 2254 1647 se
2299 1583 2537 1666 partim
2582 1582 2651 1646 in
2694 1581 2898 1665 patris

603 1687 919 1774 gremium
959 1688 1327 1771 ostentauit,
1367 1710 1562 1751 manu
1600 1688 1916 1773 uultuque
1953 1689 2321 1774 significans
2358 1711 2439 1753 ne
2476 1693 2900 1775 grauarentur

601 1794 845 1858 imitari
892 1795 1144 1860 iuuenis
1193 1795 1572 1878 exemplum.
1657 1817 1930 1878 cumque
1977 1798 2169 1860 etiam
2221 1796 2663 1862 inmaturitate
2710 1818 2898 1880 spon-

602 1924 817 1966 sarum
878 1906 943 1965 et
1001 1901 1559 1970 matrimoniorum
1622 1902 1845 1966 crebra
1903 1903 2262 1967 mutatione
2317 1904 2451 1968 uim
2505 1904 2671 1989 legis
2727 1902 2898 1968 eludi

600 2009 894 2092 sentiret,
949 2012 1204 2093 tempus
1250 2030 1517 2093 sponsas
1561 2008 1843 2072 habendi
1890 2010 2232 2093 coartauit,
2288 2011 2586 2074 diuortiis
2632 2010 2897 2075 modum
2926 2031 2977 2074 15

601 2116 927 2199 imposuit.

496 2216 586 2282 35
778 2221 1161 2287 Senatorum
1236 2221 1605 2285 affluentem
1680 2242 2018 2285 numerum
2095 2220 2366 2285 deformi
2440 2227 2504 2287 et
2568 2223 2897 2288 incondita

599 2330 789 2394 turba
825 2367 913 2375 ——
952 2332 1134 2392 erant
1189 2327 1358 2391 enim
1414 2349 1607 2410 super
1651 2327 1857 2410 mille,
1916 2331 1980 2391 et
2036 2327 2294 2412 quidam
2349 2329 2782 2415 indignissimi
2833 2334 2897 2393 et

598 2438 750 2519 post
802 2457 1025 2499 necem
1086 2432 1372 2497 Caesaris
1427 2454 1543 2518 per
1588 2432 1863 2518 gratiam
1913 2438 1977 2497 et
2020 2435 2377 2518 praemium
2425 2436 2685 2519 adlecti,
2733 2458 2895 2519 quos

591 2543 853 2606 orciuos
900 2541 1136 2625 uulgus
1192 2540 1469 2604 uocabat
1515 2578 1603 2586 -—
1649 2540 1730 2604 ad
1773 2541 2037 2604 modum
2092 2541 2438 2625 pristinum
2496 2547 2559 2608 et
2604 2544 2897 2627 splendo-
2925 2564 2977 2604 20

601 2669 737 2712 rem
784 2647 1035 2732 redegit
1082 2646 1326 2709 duabus
1363 2646 1775 2711 lectionibus:
1801 2649 2031 2731 ,prima
2067 2647 2354 2732 ipsorum
2393 2648 2728 2733 arbitratu,
2768 2672 2895 2732 quo

600 2755 704 2817 uir
739 2753 953 2817 uirum
997 2752 1175 2838 legit,
1211 2753 1488 2818 secunda
1526 2775 1643 2817 suo
1683 2759 1747 2818 et
1783 2752 2142 2840 Agrippae-33
2192 2777 2318 2840 quo
2356 2760 2646 2840 tempore
2685 2756 2898 2821 existi-

600 2864 816 2925 matur
860 2860 1062 2924 lorica
1117 2859 1237 2924 sub
1294 2863 1473 2924 ueste
1526 2860 1815 2925 munitus
1862 2862 2162 2944 ferroque
2213 2863 2460 2928 cinctus
2506 2864 2897 2947 praesedisse

564 2948 577 2967 ⁸
601 2968 818 3032 decem
866 2967 1323 3032 ualentissimis
1368 2968 1675 3032 senatorii
1723 2968 1965 3033 ordinis
2011 2969 2235 3034 amicis
2282 2970 2506 3035 sellam
2552 2992 2732 3036 suam
2781 2972 2899 3034 cir-

531 3085 561 3133 2
591 3074 1091 3140 ‚cumstantibua
1185 3073 1431 3139 Cordus
1470 3072 1838 3139 Cremutius
1874 3075 2098 3140 scribit
2132 3098 2215 3140 ne
2251 3076 2600 3141 admissum
2639 3077 2895 3160 quidem
2926 3097 2976 3138 25

597 3187 757 3246 tunc
805 3203 1191 3265 quemquam
1241 3183 1610 3246 senatorum
1666 3181 1792 3245 nisi
1838 3183 2048 3247 solum
2104 3187 2170 3246 et
2214 3187 2685 3267 praetemptato
2732 3185 2894 3248 sinu.

602 3289 917 3373 quosdam
972 3288 1053 3352 ad
1108 3288 1453 3353 excusandi
1509 3310 1576 3352 se
1626 3289 2077 3354 uerecundiam
2125 3290 2440 3374 compulit
2485 3291 2896 3374 seruauitque

745 3496 777 3542 4
815 3491 971 3558 Epit.
1003 3496 1052 3557 1,
1085 3494 1157 3543 18
1202 3490 1356 3559 leges
1404 3489 1547 3543 alias
1593 3508 1797 3559 nouas,
1854 3490 1997 3544 alias
2045 3494 2320 3545 correctas
2366 3492 2605 3560 protulit
2651 3509 2749 3545 suo
2796 3510 2898 3545 no-

602 3570 769 3625 mine.
850 3571 999 3625 Oros.
1042 3572 1134 3625 VI
1159 3574 1259 3637 22,
1291 3574 1325 3623 3
1374 3586 1493 3623 rem
1543 3570 1944 3639 publicam
1982 3589 2124 3640 pace
2176 3573 2421 3626 enutrire
2473 3574 2643 3642 atque
2696 3573 2897 3641 ampli-

601 3651 768 3705 ficare
807 3651 1038 3703 studens
1074 3650 1228 3719 leges
1266 3649 1539 3719 plurimas
1578 3652 1804 3718 statuit,
1841 3669 1942 3720 per
1978 3669 2119 3720 quas
2156 3652 2465 3705 humanum
2502 3669 2679 3721 genus
2716 3653 2897 3706 libera

600 3731 918 3785 reuerentia
956 3729 1289 3799 disciplinae
1326 3746 1539 3784 morem
1574 3733 1810 3800 gereret.

747 3925 774 3971 1
811 3917 1099 3987 praefecto
1244 3917 1400 3970 urbis
1437 3918 1670 3985 Lipsius
1814 3917 2114 3987 delegebat
2154 3921 2228 3973 M
2370 3921 2452 3991 at]
2492 3920 2566 3973 ad
2607 3920 2768 3976 M1V
2799 3923 2897 3989 (sic

601 4001 767 4054 etiam
805 4000 841 4053 ὃ
878 3999 1217 4066 interpolans
1255 3997 1330 4050 ad
1365 4015 1448 4065 pr.
1489 3997 1662 4051 etiam
1701 4015 1891 4052 curam
1921 4016 2068 4052 cons.
2098 3999 2235 4052 uiris
2269 4041 2317 4053 ..
2339 4042 2351 4053 .
2380 4001 2761 4069 proposuisset
2799 4002 2894 4056 de-

599 4079 853 4148 legauit),
886 4095 920 4131 a
952 4080 1027 4132 M
1028 4078 1116 4148 Ὦ,
1146 4093 1213 4131 ac
1242 4097 1266 4132 ε
1295 4079 1501 4146 aliique
1531 4095 1563 4137 ς
1593 4079 1798 4149 (Roth),
1827 4080 1892 4132 in
1921 4098 1945 4132 ε
1973 4097 2039 4134 ss.
2069 4079 2102 4133 i
2131 4080 2204 4132 ad
2350 4086 2381 4133 3
2420 4082 2806 4150 proposuisset
2827 4083 2902 4135 M

601 4164 633 4212 5
662 4162 831 4227 prius
868 4161 926 4212 et
962 4160 1063 4213 del.
1100 4161 1254 4212 Torr.
1287 4159 1396 4226 (‘ut
1431 4159 1494 4211 in
1519 4165 1731 4214 uetusto
1758 4161 1985 4229 codice')
2132 4167 2163 4214 8
2193 4160 2403 4230 adepta
2430 4168 2480 4215 et
2506 4168 2623 4217 tum
2659 4179 2759 4216 om.
2801 4162 2896 4216 de-

598 4257 753 4293 mum
776 4240 851 4292 M
956 4244 1020 4291 13
1049 4238 1281 4291 iuuenes
1307 4238 1358 4292 G
1469 4244 1532 4291 17
1555 4238 1594 4310 <
1601 4239 1678 4312 a>
1699 4240 1938 4293 deformi
1961 4241 2197 4310 Madvig
2307 4247 2373 4294 18
2403 4258 2573 4311 supra
2593 4243 2826 4312 Bentley

590 4322 659 4372 -et
686 4319 838 4389 post]
867 4320 934 4372 ut
959 4320 1089 4388 post
1105 4321 1296 4387 Toup„
1332 4321 1463 4386 post
1477 4321 1712 4390 Bentley
1841 4326 1906 4373 19
1944 4321 2190 4389 pretium
2212 4323 2450 4392 Madviy
2571 4327 2638 4376 20
2677 4322 2894 4376 orciuos

603 4401 678 4453 M
686 4399 738 4453 G·
751 4400 864 4465 VT,
900 4398 1188 4454 abortiuos
1227 4402 1285 4454 X
1307 4399 1444 4467 (edd.
1473 4415 1607 4453 saec.
1640 4401 1764 4454 XV
1796 4407 1844 4455 et
1873 4403 2163 4470 pleraeque
2197 4418 2334 4456 saec.
2367 4402 2575 4470 XVI),
2612 4402 2830 4456 orcinos
2861 4418 2894 4461 ς

601 4480 739 4549 (edd.
777 4480 889 4545 fere
918 4485 1047 4546 post
1086 4480 1336 4543 Gasaub.‚
1374 4479 1436 4531 in
1481 4481 1729 4550 marqine
1766 4481 1878 4534 iam
1916 4482 1994 4534 ed.
2035 4481 2214 4534 Basil.
2247 4481 2412 4548 1518)
