3325 5209
1095 433 1314 487 DIVVS
1351 433 1734 510 AVGVSTVS
1775 446 1904 495 [cAP.
1936 449 2111 497 18—21]
2641 439 2721 502 61

422 598 660 682 partim
726 596 1032 679 auspiciis
1097 597 1229 660 suis
1263 626 1266 629 ⁴
1299 595 1737 681 Cantabriam,
1801 597 2250 684 Aquitaniam,
2312 599 2727 685 Pannoniam,

425 703 813 767 Delmatiam
862 725 1009 767 cum
1044 701 1306 787 Illyrico
1354 705 1549 789 omni,
1595 706 1751 768 item
1788 704 2083 769 Raetiam
2130 710 2195 770 et
2233 705 2605 772 Vindelicos
2651 729 2728 772 ac

427 809 745 895 SalassoS,
792 813 1018 895 gentes
1064 808 1408 894 Inalpinas,
1501 813 1786 875 coercuit
1841 815 1904 875 et
1950 811 2274 877 Dacorum
2329 815 2727 878 incursiones

427 918 637 981 tribus
684 938 904 980 eorum
955 916 1225 980 ducibus
1275 938 1420 980 cum
1470 939 1705 1003 magna
1753 919 1938 1001 copia
1985 921 2200 1002 caesis,
2247 916 2726 1004 Germanosque

373 1045 396 1085 5
427 1023 600 1087 ultra
644 1021 867 1086 Albim
913 1024 1184 1088 fluuium
1232 1025 1610 1107 summouit,
1668 1046 1748 1088 ex
1794 1026 2027 1107 quibus
2076 1025 2322 1090 Suebos
2369 1031 2433 1090 et
2480 1025 2728 1113 Sigam-

428 1130 579 1193 bros
626 1129 914 1193 dedentis
953 1150 1021 1192 se
1059 1129 1348 1193 traduxit
1386 1132 1455 1193 in
1493 1127 1772 1194 Galliam
1812 1135 2004 1215 atque
2042 1133 2111 1195 in
2146 1134 2459 1216 proximis
2495 1132 2724 1198 Rheno

426 1238 598 1322 agris
655 1236 1038 1301 conlocauit.
1123 1237 1283 1299 alias
1339 1237 1492 1301 item
1547 1238 1845 1302 nationes
1901 1239 2068 1302 male
2125 1240 2373 1321 quietas
2421 1240 2501 1303 ad
2548 1240 2728 1304 obse-

428 1345 648 1427 quium
697 1343 961 1429 redegit.
1050 1365 1171 1408 nec
1217 1344 1335 1407 ulli
1381 1345 1563 1429 genti
1610 1345 1746 1407 sine
1794 1346 1984 1408 iustis
2043 1349 2108 1408 et
2157 1348 2535 1410 necessariis
2583 1370 2727 1411 cau-
2762 1364 2795 1411 2

429 1451 518 1513 sis
564 1449 806 1514 bellum
853 1450 1079 1514 intulit
1126 1454 1509 1534 tantumque
1556 1451 1721 1514 afuit
1769 1474 1806 1515 a
1844 1451 2197 1535 cupiditate
2235 1475 2493 1536 quoquo
2533 1454 2723 1518 modo

345 1578 400 1618 ιο
429 1558 768 1640 imperium
816 1556 920 1620 uel
976 1557 1275 1621 bellicam
1321 1557 1597 1643 gloriam
1653 1559 1956 1644 augendi,
2015 1563 2087 1623 ut
2136 1560 2538 1643 quorundam
2584 1561 2726 1625 bar-

426 1663 726 1727 barorum
790 1664 1115 1747 principes
1189 1666 1258 1727 in
1322 1663 1473 1728 aede
1547 1664 1777 1728 Martis
1842 1665 2093 1730 Vltoris
2168 1668 2376 1730 iurare
2443 1669 2725 1754 coegerit

428 1792 764 1833 mansuros
831 1792 897 1833 se
963 1772 1032 1833 in
1085 1770 1209 1834 fide
1266 1793 1339 1835 ac
1398 1793 1555 1854 pace
1613 1794 1806 1854 quam
1860 1776 2179 1857 peterent,
2245 1797 2283 1837 a
2339 1775 2725 1857 quibusdam

426 1898 578 1940 uero
643 1898 888 1940 nouum
952 1899 1156 1963 genus
1218 1878 1543 1960 obsidum,
1607 1878 1909 1962 feminaS,
1974 1881 2227 1965 exigere
2290 1882 2726 1965 temptauerit,

428 1983 600 2066 quo'd
644 1984 984 2069 neglegere
1040 2007 1289 2048 marum
1345 1986 1615 2070 pignera
1672 1986 2016 2071 sentiebat3
2072 1990 2136 2049 et
2182 1990 2400 2051 tamen
2444 1991 2725 2071 potesta-

343 2110 397 2150 15
426 2093 558 2153 tem
623 2112 874 2174 semper
937 2091 1238 2154 omnibus
1303 2092 1489 2177 fecit,
1563 2093 1862 2174 quotiens
1936 2092 2182 2156 uellent
2256 2093 2508 2158 obsides
2571 2096 2727 2158 reci-

423 2196 658 2279 piendi.
747 2219 956 2280 neque
1011 2201 1123 2260 aut
1180 2199 1463 2262 crebrius
1520 2202 1632 2263 aut
1692 2198 2098 2281 perfidiosius
2155 2200 2527 2263 rebellantis
2585 2223 2725 2286 gra-

424 2304 604 2367 uiore
658 2326 966 2387 umquam
1023 2305 1201 2368 ultus
1258 2308 1356 2368 est
1402 2325 1636 2388 poena,
1695 2328 1887 2389 quam
1944 2309 2018 2369 ut
2066 2308 2361 2389 captiuos
2419 2306 2537 2370 sub
2584 2307 2725 2392 lege

423 2408 847 2493 uenundaret,
902 2433 982 2473 ne
1029 2412 1098 2473 in
1145 2410 1358 2480 uicina
1404 2413 1666 2497 regione
1714 2413 2028 2476 seruirent
2071 2434 2233 2476 neue
2280 2412 2451 2476 intra
2484 2416 2727 2477 tricen-

426 2516 661 2579 simum
736 2538 972 2580 annum
1046 2517 1489 2582 liberarentur.
1597 2540 1723 2601 qua
1796 2517 2063 2582 uirtutis
2136 2503 2724 2603 moderationisque
2764 2536 2795 2584 3

339 2643 397 2683 κο
423 2620 597 2684 fama
643 2620 838 2686 Indos
885 2622 1079 2687 etiam
1136 2647 1211 2689 ac
1259 2622 1534 2707 Scythas
1592 2624 1816 2689 auditu
1876 2625 2066 2689 modo
2116 2626 2413 2712 cognitos
2460 2627 2726 2710 pellexit

572 2841 598 2886 1
640 2836 877 2903 Eutrop.
911 2836 1033 2889 VII
1062 2840 1096 2889 9
1140 2835 1391 2889 Romano
1430 2834 1641 2888 adiecit
1677 2835 1914 2904 imperio
1944 2838 2264 2905 Aegyptum
2306 2840 2379 2906 (u.
2411 2855 2469 2905 p.
2504 2841 2592 2903 59,
2612 2840 2724 2907 18),

426 2914 808 2981 Cantabriam,
846 2914 1207 2981 Dalmatiam,
1249 2931 1417 2984 saepe
1457 2916 1589 2968 ante
1618 2915 1833 2968 uictam
1862 2916 1961 2969 sed
1989 2917 2217 2985 penitus
2247 2920 2382 2971 tunc
2412 2917 2723 2985 subactam,

422 2994 793 3059 Pannoniam,
832 2995 1216 3062 Aquitaniam,
1254 2994 1557 3064 Illyricum,
1595 2995 1875 3061 Raetiam,
1915 2996 2238 3051 Vindelicos
2278 3001 2335 3051 et
2375 2997 2627 3051 Salassos
2665 2997 2726 3051 in

424 3072 667 3142 Alpibus
699 3117 708 3127 .
734 3115 744 3125 .
771 3116 782 3125 .
810 3071 952 3126 uicit
990 3076 1176 3127 autem
1216 3074 1497 3147 (multis)
1535 3075 1765 3144 proeliis
1794 3076 1996 3142 DacOS,
2026 3075 2429 3130 Germanorum
2466 3077 2724 3146 ingentes

427 3153 618 3223 copias
663 3153 894 3219 cecidit,
945 3152 1096 3220 ipsos
1145 3171 1367 3222 quoque
1413 3158 1571 3209 trans
1619 3156 1811 3209 Albim
1860 3155 2096 3210 fluuium
2143 3158 2471 3225 summouit,
2520 3158 2617 3226 qui
2664 3159 2724 3211 in

424 3232 723 3287 barbarico
759 3233 927 3302 longe
965 3232 1115 3287 ultra
1142 3234 1401 3288 Rhenum
1440 3238 1525 3289 est
1562 3253 1662 3304 eqs.
1704 3238 1778 3305 (u.
1819 3238 1895 3290 ad
1941 3239 2053 3292 Tib.
2086 3240 2157 3304 9).
2232 3238 2387 3306 Epit.
2429 3243 2480 3304 1,
2512 3242 2545 3291 7
2582 3236 2724 3291 Can-

424 3314 617 3367 tabros
647 3316 707 3367 et
733 3314 1065 3381 Aquitanos,
1094 3314 1321 3382 Raetos,
1346 3315 1687 3380 Vindelicos,
1720 3316 2014 3370 Dalmatas
2043 3334 2273 3371 numero
2303 3317 2723 3386 prouinciarum

425 3393 636 3463 populo
687 3394 942 3447 Romano
991 3394 1295 3449 coniunxit.
1382 3395 1593 3450 Sueuos
1643 3396 1949 3465 Cattosque
2007 3396 2245 3462 deleuit,
2295 3396 2615 3465 Sigambros
2662 3396 2724 3449 in

426 3473 669 3527 Galliam
699 3473 1005 3528 transtulit.
1044 3474 1363 3530 Pannonios
1393 3476 1794 3546 stipendiarios
1824 3477 2049 3530 adiecit.
2090 3478 2157 3543 cf.
2183 3478 2367 3531 Victor
2383 3478 2531 3531 Caes.
2552 3480 2651 3541 1,2

427 3560 458 3608 8
497 3554 651 3622 Epic.
694 3557 856 3620 1‚'10
906 3555 1046 3608 adeo
1212 3557 1431 3625 turbas,
1488 3556 1664 3624 bella,
1732 3557 2050 3610 simultates
2107 3558 2426 3611 exsecratus
2483 3560 2594 3622 est,
2658 3558 2725 3610 ut

424 3633 537 3687 nisi
581 3633 746 3687 iustis
793 3635 863 3688 de
911 3636 1095 3688 causis
1141 3652 1449 3704 numquam
1504 3638 1662 3706 genti
1719 3637 1982 3704 cuiquam
2027 3637 2240 3692 bellum
2294 3637 2577 3692 indixerit.

428 3719 495 3767 20
532 3715 770 3783 Eutrop.
812 3716 936 3769 VII
965 3721 1052 3781 10,
1082 3721 1112 3768 1
1163 3716 1406 3785 Scythae
1445 3720 1502 3770 et
1546 3717 1698 3783 Indi,
1752 3717 1956 3784 quibus
2004 3721 2173 3771 antea
2209 3718 2588 3788 Romanorum
2624 3735 2721 3771 no-

424 3810 554 3848 men
598 3794 949 3865 incognitum
1003 3794 1139 3860 fuit,
1195 3812 1430 3849 munera
1486 3799 1543 3849 et
1586 3797 1807 3866 legatos
1864 3798 1936 3850 ad
1993 3814 2121 3851 eum
2164 3798 2454 3852 miserunt.
2541 3800 2725 3853 Victor

428 3874 576 3929 Caes.
617 3881 665 3943 1,
698 3880 731 3930 7
780 3878 844 3928 ut
889 3874 1030 3942 Indi,
1080 3875 1351 3943 Scythae,
1400 3875 1769 3930 Garamantes
1818 3893 1884 3929 ac
1932 3878 2122 3930 Bactri
2166 3878 2385 3946 legatos
2430 3879 2723 3932 mitterent

427 3955 636 4008 orando
674 3955 902 4009 foederi.
979 3957 1135 4024 Epit.
1169 3961 1219 4023 1,
1249 3961 1284 4009 9
1323 3957 1393 4010 ad
1423 3956 1572 4010 hunc
1600 3956 1744 4022 Indi,
1784 3957 2043 4025 Scythae,
2075 3958 2462 4024 GaramanteS,
2490 3959 2720 4012 Aethio-

570 4164 600 4210 3
640 4157 945 4226 cisalpinas
965 4162 1032 4226 P,
1063 4158 1284 4228 alpinas
1312 4163 1360 4213 Y
1491 4165 1523 4212 5
1554 4160 1729 4213 albim
1757 4163 1819 4213 H
1829 4161 1892 4230 Q,
1921 4161 2073 4214 abim
2096 4164 2170 4216 M
2180 4162 2248 4228 G,
2277 4162 2412 4216 abin
2443 4163 2719 4233 VL(P¹.2)‚

428 4237 606 4291 albini
651 4239 855 4307 (potius
901 4256 1062 4306 quam
1101 4238 1277 4292 albim
1306 4242 1380 4309 R)
1421 4240 1592 4294 RPS
1626 4242 1709 4308 (in
1746 4243 1801 4294 P
1835 4259 1902 4294 m.
1922 4246 1961 4296 2
1998 4244 2061 4295 in
2095 4245 2255 4311 raa),
2302 4242 2554 4296 albinum
2600 4246 2650 4298 T

427 4317 625 4371 seubos
658 4320 742 4386 M,
782 4333 954 4371 sueuo
996 4320 1057 4384 V,
1095 4335 1296 4373 sueuos
1333 4322 1425 4372 rel.
1467 4321 1688 4388 (quarta
1726 4321 1827 4374 litt.
1867 4322 1930 4375 in
1957 4339 2066 4376 ras.
2099 4323 2192 4390 R),
2229 4322 2405 4376 Vbios
2434 4324 2723 4379 Kossinna

426 4414 547 4452 cum
574 4400 802 4453 Pithoeo
972 4398 1283 4469 sigambros
1317 4404 1391 4456 M
1400 4403 1506 4455 VL
1519 4420 1570 4467 ε,
1622 4401 1729 4454 sic·
1763 4402 2099 4464 GHRPST,
2154 4420 2273 4457 sac·
2308 4404 2379 4473 Q,
2425 4406 2551 4470 fort.
2582 4404 2719 4472 Sug—

426 4478 643 4611 semplgslitt
660 4478 956 4613 {Zetongius
1080 4484 1145 4531 14
1175 4479 1459 4548 neglerem
1487 4496 1646 4533 arum
1668 4483 1740 4536 Μ
1747 4481 1765 4512 ¹
1793 4482 2053 4550 (marium
2073 4483 2239 4552 LSQ)
2362 4484 2599 4553 pignora
2620 4489 2675 4537 Χ
2678 4488 2729 4537 Y

430 4562 459 4609 7
495 4575 551 4609 m
642 4574 676 4611 a
743 4575 769 4611 s
