3325 5209
589 399 720 464 290
1293 395 1349 450 C.
1390 394 1702 450 SVETONI
1738 393 2186 460 TRANQVILLI

587 560 917 626 nonnullis
964 564 1030 624 et
1078 560 1332 643 occisis,
1393 560 1483 624 sic
1537 563 1611 623 ut
1656 562 1839 625 erant
1890 557 2166 642 cruenti,
2220 557 2484 621 ubinam
2540 555 2892 640 imperator

590 671 757 732 esset
792 667 1188 752 requirentes
1225 670 1654 751 perruperunt
1693 665 1761 731 in
1798 663 2149 729 triclinium
2188 685 2392 747 usque
2428 684 2548 727 nec
2585 663 2710 729 nisi
2747 664 2888 727 uiso

590 775 992 841 destiterunt.

520 900 551 948 3
768 880 1267 965 Expeditionem
1304 883 1519 943 autem
1566 879 1821 964 inpigre
1859 882 2051 962 atque
2090 878 2284 943 etiam
2322 899 2750 962 praepropere
2795 877 2889 941 in-

591 987 867 1070 cohauit,
913 987 1093 1052 nulla
1138 1008 1220 1051 ne
1266 986 1651 1071 religionum
1700 986 1960 1069 quidem
2008 1006 2186 1068 cura,
2241 984 2353 1049 sed
2398 989 2464 1049 et
2508 984 2702 1051 motis
2749 1005 2888 1048 nec-
2949 1010 2978 1048 ε

590 1095 743 1161 dum
804 1094 1080 1160 conditis
1141 1092 1483 1174 ancilibuS,
1543 1092 1717 1175 quod
1773 1091 2129 1175 antiquitus
2190 1091 2544 1156 infaustum
2600 1090 2891 1175 habetur,

591 1205 656 1267 et
700 1201 830 1285 die,
888 1223 1014 1285 quo
1053 1200 1350 1283 ,cultores
1407 1200 1595 1263 deum
1650 1198 1878 1264 Matris
1932 1199 2274 1263 lamentari
2329 1203 2394 1264 et
2448 1198 2752 1284 plangere
2799 1198 2891 1263 in-

590 1308 871 1392 cipiunt,
929 1312 1257 1392 praeterea
1321 1305 1788 1370 aduersissimis
1849 1305 2167 1389 auspiciis.
2274 1328 2421 1370 nam
2497 1309 2561 1369 et
2625 1305 2891 1370 uictima

591 1414 731 1479 Diti
802 1414 973 1498 patri
1044 1435 1226 1478 caesa
1288 1413 1532 1494 litauit,
1591 1433 1737 1476 cum
1809 1411 1924 1476 tali
1985 1411 2296 1476 sacrificio
2364 1413 2685 1476 contraria
2745 1416 2892 1476 exta

589 1523 847 1606 potiora
894 1522 1050 1605 sint,
1105 1525 1170 1584 et
1224 1520 1434 1604 primo
1491 1540 1753 1605 egressu
1812 1519 2340 1583 inundationibus
2387 1518 2635 1583 Tiberis
2695 1522 2890 1582 retar-
2921 1543 2976 1582 ιο

594 1629 779 1692 datus
828 1627 904 1692 ad
952 1626 1378 1691 uicensimum
1427 1627 1620 1689 etiam
1667 1626 1946 1709 lapidem
2000 1626 2187 1690 ruina
2233 1625 2669 1690 aedificiorum
2714 1646 2893 1708 prae-

523 1736 567 1802 9
599 1736 840 1800 clusam
919 1734 1092 1798 uiam
1168 1732 1449 1797 offendit.
1544 1732 1742 1795 simih'
1805 1733 2193 1815 temeritate,
2260 1732 2554 1815 quamuis
2628 1731 2892 1795 dubium

591 1841 835 1904 nemini
883 1844 1048 1904 esset
1095 1838 1253 1923 quin
1299 1838 1469 1903 trahi
1517 1838 1758 1902 bellum
1807 1842 2150 1923 oporteret,
2199 1839 2454 1921 quando
2504 1842 2569 1902 et
2613 1838 2782 1903 fame
2829 1842 2894 1902 et

594 1948 913 2032 angustiis
959 1948 1248 2011 locorum
1296 1949 1634 2032 urgeretur
1680 1944 1915 2027 hostiS,
1963 1968 2155 2029 quam
2202 1947 2479 2029 primum
2530 1950 2744 2009 tamen
2792 1944 2892 2008 de-

595 2058 837 2119 certare
883 2055 1129 2137 statuit,
1176 2053 1312 2118 siue
1361 2054 1704 2136 impatiens
1746 2052 2058 2139 longioris
2105 2051 2560 2117 sollicitudinis
2607 2074 2893 2136 sperans-
2921 2075 2973 2116 ιε

596 2183 719 2245 que
781 2166 929 2224 ante
984 2158 1212 2224 Vitelli
1273 2160 1619 2225 aduentum
1683 2160 2010 2246 profligari
2073 2158 2422 2243 plurimum
2483 2180 2698 2242 posse,
2758 2160 2893 2223 siue

594 2268 804 2351 impar
848 2267 1128 2331 militum
1170 2267 1383 2330 ardori
1418 2288 1704 2352 pugnam
1744 2266 2243 2350 deposcentium.
2327 2287 2447 2330 nec
2486 2266 2601 2330 ulli
2638 2287 2892 2352 pugnae

595 2375 780 2438 affuit
829 2374 1248 2457 substititque
1294 2373 1581 2437 Brixelli.

529 2501 558 2545 2
776 2481 863 2544 Et
900 2481 1108 2544 tribus
1147 2480 1421 2563 quidem,
1468 2502 1693 2543 uerum
1732 2479 2163 2544 mediocribus
2209 2480 2447 2564 proelis
2487 2480 2656 2563 apud
2691 2479 2892 2564 Alpes

599 2587 889 2671 circaque
950 2587 1342 2650 Placentiam
1404 2590 1466 2649 et
1527 2586 1608 2650 ad
1669 2585 1952 2651 Castoris
1964 2639 1981 2671 ,
2047 2586 2219 2669 quod
2278 2588 2420 2651 loco
2480 2608 2717 2651 nomen
2777 2591 2895 2670 est,
2923 2608 2976 2648 20
3040 2630 3053 2637 -

596 2693 785 2779 uicit3
829 2695 1186 2757 nouissimo
1226 2695 1632 2777 maximoque
1673 2693 1846 2777 apud
1883 2693 2250 2757 Betriacum
2289 2693 2509 2758 fraude
2557 2697 2892 2777 superatus

598 2805 714 2885 est,
752 2822 895 2864 cum
936 2823 1047 2884 spe
1087 2799 1414 2883 conloquii
1452 2801 1640 2885 facta,
1690 2800 1872 2884 quasi
1911 2801 1991 2864 ad
2035 2801 2471 2865 condicionem
2512 2800 2691 2885 pacis
2729 2800 2893 2864 mili-

599 2906 774 2971 tibus
821 2907 1087 2989 eductiS,
1134 2929 1212 2971 ex
1248 2907 1579 2991 inprouiso
1628 2912 1822 2990 atque
1859 2908 1927 2971 in
1966 2908 2107 2992 ipsa
2154 2908 2666 2972 consalutatione
2714 2907 2896 2971 dimi-

529 3033 559 3078 3
599 3014 869 3078 candum
918 3013 1165 3078 fuisset.
1247 3035 1321 3078 ac
1368 3015 1587 3078 statim
1634 3015 1949 3078 moriendi
1993 3015 2304 3098 impetum
2352 3016 2540 3100 cepit,
2586 3019 2660 3078 ut
2705 3014 2897 3078 multi

744 3178 807 3225 19
830 3189 949 3240 sqq.
981 3172 1217 3240 Eutrop.
1262 3172 1385 3226 VII
1404 3175 1493 3238 17,
1523 3176 1557 3225 3
1602 3170 1752 3224 bello
1802 3174 1995 3225 contra
2046 3190 2174 3226 eum
2226 3174 2512 3242 suscepto,
2565 3189 2691 3226 cum
2744 3171 2896 3240 apud
2934 3236 2941 3241 ⁸

598 3251 920 3306 Betriacum
956 3252 1017 3304 in
1053 3250 1222 3304 Italia
1250 3250 1365 3304 leui
1402 3251 1616 3320 proelio
1651 3251 1838 3305 uictus
1868 3254 2031 3319 esset,
2069 3252 2326 3322 ingentes
2363 3252 2556 3306 tamen
2594 3252 2783 3321 copias
2823 3250 2897 3304 ad

597 3331 811 3386 bellum
837 3332 1087 3398 haberet,
1127 3334 1326 3400 sponte
1356 3334 1534 3385 semet
1560 3331 1785 3385 occidit.
1817 3333 1972 3401 Epit.
2004 3336 2054 3399 7,
2073 3336 2112 3386 2
2148 3351 2182 3386 a
2209 3332 2441 3387 Vitellio
2469 3332 2714 3401 primum
2743 3331 2897 3401 apud

599 3412 964 3479 Placentiam,
987 3412 1190 3465 dehinc
1206 3413 1356 3481 apud
1369 3411 1689 3465 Betriacum
1702 3413 1890 3465 uictus
1905 3415 1925 3481 (
1938 3413 2071 3467 Vict.
2089 3414 2235 3468 Caes.
2250 3417 2349 3479 7,2
2359 3412 2666 3466 Veronensi
2684 3411 2895 3481 proelio

598 3491 793 3560 pulsus
832 3494 953 3561 est).
1026 3493 1174 3546 Oros.
1217 3493 1340 3546 VII
1360 3496 1416 3558 8,
1446 3497 1480 3547 6
1518 3491 1663 3546 Otho
1704 3509 1829 3545 cum
1862 3534 1873 3546 .
1907 3535 1918 3546 .
1952 3534 1964 3547 .
1994 3492 2207 3546 bellum
2245 3492 2412 3546 ciuile
2449 3492 2680 3547 molitus
2716 3492 2896 3546 tribus

597 3572 841 3640 primum
887 3571 1107 3625 leuibus
1146 3575 1233 3641 (ex
1272 3572 1566 3641 Eutropio)
1605 3572 1863 3641 proeliis,
1914 3572 2022 3626 hoc
2060 3576 2145 3627 est
2190 3590 2301 3627 uno
2347 3573 2499 3641 apud
2533 3573 2731 3642 Alpes,
2784 3571 2896 3625 alio

600 3651 750 3705 circa
778 3650 1142 3717 Placentiam,
1182 3652 1351 3707 tertio
1391 3651 1542 3706 circa
1575 3651 1781 3720 locum,
1819 3670 1985 3721 quem
2024 3652 2280 3707 Castores
2319 3655 2460 3723 (παν.
2493 3652 2764 3721 Castoris)
2801 3669 2896 3706 uo-

600 3734 747 3799 cant,
788 3734 981 3787 contra
1007 3731 1346 3785 Vitellianos
1385 3733 1554 3787 duces
1594 3748 1923 3802 congressus
1952 3733 2136 3787 uictor
2171 3733 2468 3800 extitisset,
2507 3736 2708 3802 quarto
2746 3733 2899 3802 apud

599 3811 930 3865 Bedriacum
968 3811 1180 3879 proelio
1220 3830 1344 3867 cum
1384 3812 1879 3867 animaduertisset
1918 3830 2044 3867 suos
2082 3814 2262 3880 uinci,
2299 3857 2309 3867 .
2344 3858 2354 3869 .
2388 3856 2399 3868 .
2440 3829 2559 3869 sese
2596 3813 2896 3867 interfecit.

744 3969 776 4015 4
805 3978 1149 4032 praeponere
1179 3968 1324 4034 (pre·
1355 3966 1407 4034 ὃ)
1431 3966 1555 4030 Μὸ,
1591 3980 1827 4033 propere
1851 3965 1972 4035 HQ,
2009 3967 2366 4035 praepostere
2396 3967 2629 4036 Bentley
2740 3969 2771 4018 6
2800 3964 2898 4017 ha-

599 4044 825 4098 beretur
861 4044 974 4096 HT
1009 4045 1200 4115 (uuly.)
1381 4050 1414 4098 8
1452 4044 1713 4098 uictimas
1735 4076 1801 4084 —
1825 4047 2059 4115 c(a)esas
2097 4050 2157 4101 X
2332 4051 2362 4098 9
2403 4044 2543 4098 dicti
2580 4053 2632 4099 et
2667 4045 2795 4099 exto
2831 4043 2905 4096 M

603 4130 667 4178 13
707 4123 895 4193 quoad
933 4125 1187 4191 Kraffert
1333 4131 1396 4178 17
1435 4124 1523 4177 illi
1550 4129 1627 4190 X,
1664 4124 1763 4179 ille
1812 4125 2049 4180 Ursinus
2242 4131 2311 4179 20
2347 4124 2697 4180 Placentiam
2734 4140 2902 4193 usque

600 4205 956 4273 maximoque
986 4222 1086 4259 om.
1109 4204 1248 4275 ΠῙῼ
1274 4207 1570 4259 inserentes
1608 4203 1776 4258 factis
1806 4211 1934 4259 ante
1962 4206 2113 4274 apud
2287 4208 2500 4260 castros
2518 4205 2705 4261 L¹P0
2714 4205 2773 4272 T,
2811 4220 2899 4258 ca·

604 4281 764 4337 stolis
785 4283 864 4338 12²
973 4290 1037 4338 21
1074 4285 1389 4339 bretiacum
1420 4285 1689 4354 spreciac·
1712 4285 1840 4353 GH,
1859 4285 2158 4340 bretiamc-
2182 4286 2303 4357 QR)
2321 4288 2374 4339 Ω
2483 4291 2550 4339 23
2582 4284 2901 4340 consaluta-

603 4361 757 4417 tione
776 4362 926 4432 11¹9,
966 4364 1383 4431 consultatione
1411 4366 1504 4420 rel.
1535 4372 1585 4420 et
1602 4365 1685 4420 L²
1714 4367 1799 4435 (de
1820 4365 1899 4420 L¹
1926 4383 2039 4420 ‘non
2060 4383 2295 4436 prorsus
2322 4368 2573 4436 constat),
2609 4368 2788 4421 nescio
2825 4381 2915 4419 an-

601 4443 799 4497 reetius
828 4444 916 4512 (ef.
946 4447 1153 4515 comm.)
1265 4451 1333 4499 24
1371 4445 1720 4500 moriendum
1756 4446 1953 4514 petum
1986 4449 2225 4516 (-potum
2255 4446 2356 4509 ΕΙ)
2373 4446 2625 4514 MGLP,
2662 4444 2900 4500 morien-

604 4521 737 4574 dum
776 4522 1000 4577 Retiam
1038 4524 1109 4590 (R
1136 4542 1203 4580 ex
1229 4525 1273 4578 P
1301 4528 1460 4595 corr.)
1491 4526 1535 4581 S
