3325 5209
616 397 741 459 190
1314 398 1368 452 C.
1411 399 1724 452 SVETONI
1761 399 2206 463 TRANQVILLl

609 560 702 624 sic
731 564 804 622 ut
841 565 1019 624 erant
1057 563 1361 626 loricatos
1401 563 1477 625 ad
1508 563 2032 626 discumbendum
2066 562 2440 625 adhortatus
2470 566 2581 624 est.
2656 562 2907 623 monuit

609 667 803 729 etiam
865 668 1202 732 notissimo
1255 667 1501 754 Vergili
1558 669 1757 743 (Aen.
1806 670 1853 733 I
1885 670 2059 751 207>
2118 690 2309 733 uersu
2371 668 2737 731 durarent
2798 691 2906 731 se-

608 774 1027 856 cundisque
1077 797 1150 838 se
1198 776 1424 841 rebus
1472 781 1889 839 seruarent.

535 896 564 941 3
782 882 996 963 Atque
1043 882 1209 945 inter
1254 882 1412 947 haec
1459 884 1787 947 absentem
1837 886 2129 946 senatum
2177 882 2616 965 populumque
2663 881 2904 966 grauis—

604 987 766 1051 simo
807 987 1178 1073 obiurgauit
1215 989 1451 1072 edict0,
1495 989 1666 1072 quod
1710 988 2026 1053 Caesare
2071 987 2509 1072 proeliante
2543 993 2616 1051 et
2659 988 2901 1051 tantis
2960 1011 2984 1051 5

605 1094 1189 1158 discriminibus
1229 1096 1533 1160 obiecto
1572 1096 2040 1178 tempestiua
2078 1094 2465 1176 conuiuia,
2506 1093 2787 1157 circum
2830 1098 2902 1158 et

496 1196 910 1265 46theatra
980 1206 1053 1266 et
1122 1224 1477 1266 amoenos
1552 1223 1898 1268 secessus
1974 1202 2474 1265 celebrarent.
2575 1204 2900 1284 postremo

604 1309 786 1389 quasi
832 1312 1314 1392 perpetraturus
1363 1308 1631 1391 bellum,
1690 1309 1941 1373 derecta
1996 1308 2131 1371 acie
2187 1308 2254 1370 in
2310 1307 2499 1370 litore
2547 1306 2780 1370 Oceani
2830 1328 2901 1370 ac

601 1414 878 1477 ballistis
897 1413 1341 1497 machinisque
1361 1415 1712 1498 dispositiS,
1740 1415 1994 1479 nemine
2025 1436 2223 1499 gnaro
2255 1418 2367 1477 aut
2396 1415 2700 1497 opinante
2721 1413 2901 1497 quid-

599 1543 747 1583 nam
790 1526 1134 1603 coepturus
1172 1524 1355 1603 esset,
1392 1525 1654 1603 repente
1694 1525 1766 1584 ut
1805 1521 2079 1585 conchas
2117 1521 2405 1604 legerent
2444 1522 2785 1603 galeasque
2832 1525 2896 1584 et
2928 1545 2981 1584 10

600 1628 776 1690 sinus
818 1627 1138 1710 replerent
1186 1628 1548 1710 imperauit,
1602 1628 1856 1710 spolia
1899 1626 2179 1691 Oceani
2222 1649 2457 1691 uocans
2505 1626 2892 1710 Capitolio

598 1732 1057 1818 Palatioque
1125 1734 1413 1817 debita,
1486 1739 1549 1798 et
1613 1736 1680 1799 in
1757 1735 2064 1799 indicium
2139 1735 2447 1798 uictoriae
2517 1734 2894 1797 altissimam

598 1843 838 1903 turrem
914 1841 1245 1923 excitauit,
1319 1864 1397 1904 ex
1461 1863 1590 1924 qua
1663 1845 1738 1904 ut
1801 1841 2011 1905 Pharo
2082 1843 2380 1905 noctibus
2451 1842 2531 1903 ad
2585 1842 2895 1926 regendos

596 1946 858 2010 nauium
899 1969 1118 2011 cursus
1159 1949 1340 2034 ignes
1370 1947 1744 2028 emicarent3
1781 1949 2328 2031 pronuntiatoque
2355 1948 2549 2011 militi
2589 1948 2893 2011 donatiuo

597 2055 880 2117 centenis
928 2054 1176 2118 uiritim
1235 2054 1538 2140 denariis,
1597 2055 1779 2138 quasi
1828 2077 2014 2118 omne
2071 2056 2436 2137 exemplum
2491 2054 2895 2117 liberalitatis
2927 2076 2975 2115 15

595 2182 1070 2246 supergressus:
1119 2162 1357 2239 abite,
1403 2162 1634 2245 inquit,
1681 2162 1898 2244 laeti,
1944 2162 2153 2225 abite
2201 2163 2655 2244 locupletes.

487 2262 576 2327 47
772 2267 1136 2332 Conuersus
1192 2270 1342 2332 hinc
1398 2269 1475 2332 ad
1533 2290 1751 2331 curam
1808 2269 2120 2351 triumphi
2176 2272 2429 2351 praeter
2484 2268 2780 2351 captiuos
2823 2289 2895 2331 ac

592 2376 960 2458 transfugas
998 2374 1308 2439 barbaros
1341 2373 1697 2437 Galliarum
1738 2397 1992 2457 quoque
2022 2376 2538 2458 procerissimum
2576 2396 2892 2456 quemque

592 2485 673 2564 et,
712 2485 785 2544 ut
822 2482 959 2564 ipse
1000 2482 1269 2564 dicebat,
1307 2479 2019 2566 ἀξιοθριάμβ<ε>υτον,
2059 2503 2128 2544 ac
2167 2480 2512 2544 nonnullos
2552 2504 2629 2544 ex
2658 2481 2892 2564 princi-

590 2588 782 2671 pibus
819 2589 980 2673 legit
1018 2610 1090 2651 ac
1130 2588 1417 2670 seposuit
1446 2588 1526 2651 ad
1563 2610 1867 2671 pompam
1908 2589 2248 2674 coegitque
2277 2610 2408 2652 non
2446 2593 2695 2651 tantum
2735 2588 2890 2651 ruti—
2920 2609 2971 2648 20

589 2695 721 2758 lare
769 2700 833 2758 et
880 2699 1277 2758 summittere
1317 2717 1582 2777 comam,
1630 2696 1742 2758 sed
1780 2699 1843 2758 et
1891 2717 2247 2758 sermonem
2289 2692 2736 2757 Germanicum
2785 2695 2887 2757 ad-

591 2802 831 2865 discere
860 2805 924 2864 et
951 2801 1212 2864 nomina
1243 2801 1571 2865 barbarica
1591 2801 1775 2865 ferre.
1842 2802 2168 2884 praecepit
2198 2802 2389 2864 etiam
2421 2801 2716 2884 triremiS,
2748 2801 2886 2882 qui-

588 2909 708 2971 bus
738 2904 1074 2973 introierat
1096 2906 1437 2991 Oceanum,
1465 2929 1699 2991 magna
1728 2930 1805 2971 ex
1834 2913 2017 2991 parte
2039 2909 2269 2972 itinere
2296 2908 2583 2972 terrestri
2612 2906 2886 2970 Romam

588 3015 833 3080 deuehi.
919 3016 1176 3098 scripsit
1215 3019 1279 3077 et
1318 3016 1863 3099 procuratoribus,
1903 3015 2374 3097 triumphum
2422 3017 2887 3097 appararent

587 3144 806 3204 quam
870 3122 1178 3185 minima
1244 3144 1554 3204 summa,
1625 3121 1755 3185 secl
1820 3126 2151 3204 quantus
2217 3143 2619 3204 numquam
2685 3120 2884 3182 alius
2916 3140 2965 3180 25

583 3231 892 3311 fuisset,
915 3229 1212 3311 quando
1244 3229 1320 3290 in
1342 3229 1675 3291 omnium
1703 3228 2091 3291 hominum
2124 3228 2319 3290 bona
2351 3228 2465 3291 ius
2496 3227 2882 3290 haberent.

479 3329 569 3394 48
770 3334 959 3399 Prius
1007 3357 1198 3416 quam
1245 3335 1580 3417 prouincia
1620 3334 1964 3417 decederet,
2013 3333 2353 3398 consilium
2392 3334 2539 3397 iniit
2574 3334 2884 3397 nefandae

584 3443 942 3506 atrocitatis
997 3442 1285 3526 legiones
1296 3493 1313 3525 ,
1370 3463 1531 3524 quae
1587 3445 1736 3524 post
1795 3462 2121 3504 excessum
2168 3440 2453 3523 Augusti
2501 3440 2882 3532 seditionem

724 3648 755 3694 8
798 3645 977 3696 Vz'ctor
999 3644 1145 3696 Caes.
1170 3647 1221 3707 3,
1244 3648 1308 3695 11
1320 3660 1395 3710 sq.
1428 3642 1732 3695 contractis
1772 3643 1844 3695 ad
1882 3661 2056 3695 unum
2085 3642 2403 3712 legionibus
2435 3657 2533 3708 spe
2562 3641 2621 3693 in
2652 3640 2879 3694 Germa-

580 3724 734 3776 niam
780 3723 1235 3791 transgrediendi
1283 3722 1525 3775 conchas
1572 3722 1982 3790 umbilicosque
2038 3722 2096 3775 in
2146 3738 2243 3775 ora
2290 3722 2459 3775 maris
2508 3720 2718 3774 Oceani
2765 3721 2880 3789 legi

579 3805 768 3869 iussit,
819 3820 944 3855 cum
992 3803 1114 3871 ipse
1162 3819 1309 3855 nunc
1356 3803 1502 3855 fluxo
1542 3803 1697 3855 cultu
1736 3803 2088 3870 Venerioque
2128 3803 2214 3871 (cf.
2247 3806 2452 3870 p.194‚
2476 3804 2526 3869 1)
2565 3801 2878 3862 interesset,

578 3902 725 3938 nunc
782 3885 1033 3936 armatus
1092 3883 1273 3950 spolia
1330 3898 1363 3934 a
1411 3900 1466 3935 se
1524 3900 1634 3935 non
1692 3900 1758 3936 ex
1811 3883 2155 3949 hominibuS‚
2215 3882 2312 3935 sed
2365 3882 2694 3935 caelestium
2750 3880 2878 3949 capi

579 3964 883 4017 dictitaret.

719 4132 749 4177 6
780 4123 1183 4191 intempestiua
1207 4125 1261 4174 Π
1266 4122 1355 4190 QS
1362 4123 1409 4175 T
1406 4124 1439 4174 ὃ
1541 4128 1570 4173 9
1602 4122 1801 4191 ignaro
1825 4125 1987 4177 MR&
2008 4123 2225 4191 (ignaro
2249 4121 2472 4190 agmine
2493 4121 2763 4189 quidnam
2789 4122 2873 4189 H)

578 4212 642 4258 13
681 4206 880 4258 turrim
905 4206 955 4257 G
1109 4202 1321 4269 pharao
1346 4202 1439 4255 M¹
1607 4210 1669 4253 19
1702 4202 2333 4256 ὰΖΙΟΘΡΙὰΜΒΥΤΟΝ
2369 4202 2630 4270 (-ΒΙΤΟΝ
2663 4203 2781 4269 LS)
2805 4205 2874 4267 sl,

574 4283 1010 4337 inuictissimum
1050 4283 1113 4335 N
1145 4289 1197 4335 et
1231 4283 1309 4335 sic
1343 4299 1411 4335 ss.
1446 4284 1505 4333 in
1534 4282 1643 4347 LS,
1684 4299 1817 4336 corr.
1851 4299 1883 4340 ς
2057 4289 2121 4334 22
2161 4282 2387 4335 nomine
2420 4326 2429 4335 .
2456 4323 2500 4335 ..
2533 4281 2676 4334 ferre
2714 4298 2874 4348 prae-

575 4365 739 4433 cepit.
816 4363 1004 4415 Etiam
1044 4362 1299 4414 triremes
1339 4363 1442 4429 <-es
1482 4364 1646 4415 etiam
1689 4360 1779 4430 Y')
1929 4363 2132 4416 deuehi
2181 4362 2360 4415 iussit.
2423 4361 2657 4429 Scripsit
2687 4380 2786 4429 eqs.
2823 4361 2872 4415 G

575 4452 641 4497 25
680 4443 857 4494 nimia
886 4447 940 4493 X
1081 4441 1223 4494 alias
1254 4443 1486 4511 Bentley
1633 4447 1697 4493 27
1739 4442 1893 4513 iniit]
1933 4443 2089 4495 misit
2122 4445 2172 4496 G
2318 4448 2383 4494 28
2423 4444 2552 4509 post
2581 4459 2694 4495 exc.
2729 4443 2869 4509 Aug.

575 4527 671 4578 dcl.
715 4525 781 4577 A.
798 4524 890 4575 Εἰ(
905 4540 957 4575 se
