3325 5209
560 398 690 465 348
1254 398 1309 453 C.
1352 398 1664 453 SVETONI
1702 397 2150 464 TRANQVILLI

561 562 835 626 alterum
872 562 1336 646 Domitianum,
1374 566 1637 647 repente
1677 585 1754 626 ex
1792 561 2170 629 tenuissima
2207 562 2570 646 suspicione
2598 566 2849 626 tantum

560 690 692 733 non
756 670 824 733 in
888 669 1027 752 ipso
1093 669 1230 734 eius
1295 669 1630 734 consulatu
1691 669 2034 734 interemit.
2145 692 2273 753 quo
2338 668 2614 734 maxime
2677 668 2850 733 facto

560 776 912 840 maturauit
957 776 1083 843 sibi
1130 776 1415 841 exitium.

741 882 1077 948 Continuis
1135 889 1287 948 octo
1349 884 1676 949 mensibus
1733 888 1835 948 tot
1888 883 2148 970 fulgura
2201 884 2371 947 facta
2427 884 2853 967 nuntiataque

561 995 728 1073 sunt,
774 994 848 1054 ut
893 990 1372 1055 exclamauerit:
1417 991 1651 1055 feriat
1696 991 1869 1075 iam,
1918 1012 2134 1074 quem
2168 993 2400 1077 uolet.
2493 994 2737 1055 tactum
2777 991 2854 1055 de
2898 1013 2939 1056 -5

499 1164 505 1169 ,
561 1097 736 1161 caelo
804 1096 1195 1182 Capitolium
1261 1097 1729 1182 templumque,
1765 1098 2026 1179 Elauiae
2061 1146 2069 1181 5
2090 1099 2330 1184 gentis,
2402 1097 2560 1162 item
2627 1098 2854 1162 domus

560 1203 857 1268 Palatina
902 1210 967 1268 et
1013 1204 1377 1269 cubiculum
1424 1204 1647 1289 ipsius,
1705 1210 1896 1289 atque
1944 1198 2137 1269 etiam
2185 1227 2218 1269 e
2265 1205 2403 1268 basi
2449 1208 2696 1269 statuae
2742 1204 2853 1268 tri-

562 1310 885 1395 umphalis
941 1310 1169 1375 titulus
1225 1333 1527 1377 excussus
1585 1312 1651 1376 ui
1709 1311 2025 1396 procellae
2081 1312 2150 1376 in
2196 1312 2665 1377 monimentum
2709 1333 2852 1396 pro·

560 1418 807 1482 ximum
855 1417 1103 1483 decidit.
1190 1418 1395 1503 arbor,
1442 1441 1605 1503 quae
1647 1419 1909 1504 priuato
1949 1419 2159 1483 adhuc
2194 1418 2592 1503 Vespasiano
2632 1440 2854 1483 euersa

563 1529 941 1610 surrexerat,
986 1529 1144 1591 tunc
1180 1547 1399 1590 rursus
1437 1530 1717 1610 repente·
1749 1520 2007 1590 corruit.
2101 1513 2514 1596 Praenestina
2548 1525 2853 1609 Fortuna,
2884 1550 2939 1591 ιο

503 1704 506 1709 ,
561 1635 702 1696 toto
759 1632 1016 1716 imperii
1071 1631 1280 1716 spatio
1329 1655 1566 1697 annum
1613 1655 1857 1707 nouum
1908 1633 2383 1698 commendanti
2428 1635 2664 1724 laetam
2709 1654 2852 1696 ean-

355 3248 550 3315 016

563 1739 833 1823 demque
906 1761 1156 1823 semper
1211 1743 1449 1804 sortem
1517 1739 1666 1804 dare
1733 1743 2001 1824 assueta,
2062 1744 2349 1804 extremo
2417 1720 2853 1804 tristissimam

562 1846 839 1909 reddidit
885 1867 1003 1910 nec
1050 1847 1186 1911 sine
1233 1847 1564 1933 sanguinis
1611 1847 1955 1911 mentione.

738 1952 1122 2038 Mineruam,
1188 1976 1378 2038 quam
1446 1954 1894 2038 superstitiose
1951 1954 2221 2033 colebat,
2278 1954 2626 2019 somniauit
2680 1975 2856 2019 exce-

562 2059 706 2124 dere
762 2044 1038 2124 sacrario
1103 2065 1574 2147 negantemque
1638 2060 1809 2125 ultra
1865 2082 1932 2125 se
1987 2061 2152 2127 tueri
2210 2083 2354 2125 eum
2411 2083 2625 2145 posse,
2682 2062 2856 2144 quod
2884 2082 2939 2127 ιο

561 2172 886 2232 exarmata
932 2172 1099 2232 esset
1144 2190 1182 2230 a
1225 2165 1396 2233 Ioue.
1480 2167 1662 2232 nulla
1696 2171 1911 2232 tamen
1949 2191 2018 2232 re
2055 2169 2319 2253 perinde
2357 2172 2718 2233 commotus
2758 2172 2857 2232 est

562 2296 753 2358 quam
832 2296 1140 2359 responso
1225 2296 1501 2358 casuque
1575 2274 2038 2339 Ascletarionis
2122 2275 2576 2340 mathematici.
2685 2275 2857 2363 hunc

562 2380 844 2448 delatum
891 2402 1009 2446 nec
1055 2382 1441 2446 infitiantem
1491 2382 1762 2467 iactasse
1819 2403 1886 2445 se
1933 2403 2095 2464 quae
2140 2380 2530 2466 prouidisset
2578 2402 2655 2445 ex
2702 2386 2856 2464 arte,

563 2489 921 2553 sciscitatus
961 2493 1076 2568 est,
1114 2490 1258 2572 quis
1296 2489 1509 2573 ipsum
1547 2492 1837 2553 maneret
1876 2489 2111 2573 exitus;
2151 2494 2215 2554 et
2252 2488 2680 2553 affirmantem
2718 2490 2856 2553 fore

560 2599 636 2659 ut
691 2596 876 2660 breui
935 2598 1320 2660 laceraretur
1378 2618 1416 2660 a
1475 2596 1758 2679 canibus,
1824 2596 2100 2672 interfici
2162 2595 2419 2679 quidem
2475 2597 2611 2660 sine
2656 2618 2855 2680 mora,
2884 2618 2941 2659 πο

564 2702 675 2765 sed
721 2701 800 2765 ad
836 2700 1306 2786 coarguendam
1342 2701 1771 2765 temeritatem
1810 2701 1968 2765 artis
2017 2701 2272 2786 sepeliri
2313 2724 2570 2787 quoque
2608 2697 2857 2767 accura-

561 2808 809 2873 tissime
886 2808 1246 2892 imperauit.
1365 2807 1540 2891 quod
1617 2830 1764 2873 cum
1833 2809 2033 2893 fieret,
2111 2809 2326 2873 euenit
2388 2813 2462 2874 ut
2524 2810 2858 2894 repentina

562 2919 941 2998 tempestate
1016 2915 1258 2980 deiecto
1332 2915 1555 2980 funere
1630 2915 2013 2980 semiustum
2090 2917 2360 2980 cadauer
2426 2916 2858 3002 discerperent

563 3044 766 3101 caneS‚
813 3022 1007 3106 idque
1053 3023 1111 3087 ei
1158 3022 1413 3087 cenanti
1462 3046 1499 3087 a
1545 3024 1743 3086 mimo
1793 3021 2046 3106 Latino,
2094 3024 2205 3106 qui
2250 3024 2642 3108 praeteriens
2687 3025 2857 3089 forte

561 3129 1117 3214 animaduerterat,
1163 3131 1333 3194 inter
1379 3133 1620 3194 ceteras
1670 3128 1796 3192 diei
1841 3130 2093 3194 fabulas
2139 3129 2500 3195 referretur.
2884 3152 2940 3192 25

745 3236 958 3301 Pridie
988 3259 1178 3320 quam
1217 3236 1472 3320 periret,
1511 3258 1655 3301 cum
1697 3236 1949 3300 oblatos
1990 3238 2255 3302 tubures
2294 3239 2538 3302 seruari
2565 3239 2858 3303 iussisset

561 3345 630 3408 in
677 3345 1043 3427 crastinum,
1087 3343 1344 3408 adiecit:
1387 3344 1452 3407 si
1488 3342 1715 3407 modo
1755 3343 1870 3407 uti
1898 3344 2239 3427 licuerit,
2283 3349 2347 3408 et
2393 3366 2739 3409 conuersus
2778 3346 2856 3409 ad

561 3451 891 3535 proximos
912 3450 1262 3515 affirmauit
1284 3450 1448 3514 fore
1477 3456 1560 3514 ut
1589 3452 1942 3534 sequenti
1973 3451 2091 3515 die
2118 3451 2300 3515 luna
2329 3474 2405 3516 se
2434 3452 2512 3516 in
2539 3454 2856 3536 aquario

704 3660 735 3707 3
774 3655 985 3708 exitum
1014 3655 1133 3707 XN
1157 3655 1366 3726 (nnly.)‚
1404 3670 1540 3708 corr.
1571 3652 1651 3706 L²
1849 3660 1881 3705 4
1919 3653 2070 3708 iacta
2112 3656 2381 3709 Graevius
2574 3660 2605 3708 5
2643 3655 2857 3709 factum

566 3737 671 3790 Μδ
815 3740 847 3788 8
885 3751 1214 3804 proxumum
1247 3736 1322 3789 M
1354 3734 1502 3803 (inde
1539 3737 1736 3803 opinor
1762 3752 2015 3788 monum·
2043 3736 2145 3789 hie*
2168 3737 2230 3788 τίη
2257 3737 2546 3806 archetypo
2569 3737 2755 3802 fnisse,
2794 3742 2861 3790 ut

553 3817 819 3885 praebent
850 3815 1137 3884 GHQPT)
1316 3819 1382 3867 10
1419 3815 1577 3885 tunc]
1608 3834 1779 3867 wir-c
1810 3815 1933 3881 Me,
1972 3834 2108 3869 runc
2137 3834 2162 3868 ε
2336 3822 2398 3868 11
2441 3814 2857 3870 commendanti

560 3913 663 3950 om.
698 3898 747 3948 Τ
842 3895 1147 3962 eademque
1179 3897 1256 3949 M
1258 3896 1352 3961 Te,
1383 3895 1619 3948 eandem
1643 3895 1773 3965 H¹Q
1884 3901 1948 3947 13
1982 3895 2230 3949 reddidit
2264 3894 2351 3964 '1''‚
2380 3896 2568 3949 reddit
2594 3898 2688 3950 rel.
2718 3895 2856 3966 (522),

562 3976 742 4030 edidit
770 3977 1002 4046 Bentley
1112 3980 1178 4029 15
1218 3977 1472 4030 lacunam
1509 3982 1636 4030 ante
1673 3977 2088 4045 negantemque
2124 3978 2321 4030 statuit
2358 3976 2520 4042 Roth,
2554 3979 2857 4045 negantem

560 4058 710 4127 παῖς.
734 4063 863 4125 post
888 4056 1241 4123 Stephanum,
1270 4057 1570 4125 negantem
1600 4072 1822 4123 quoque
1857 4055 1995 4109 Oud.
2029 4057 2117 4124 (cf.
2152 4057 2265 4111 Cal.
2289 4059 2380 4125 57)
2526 4062 2590 4110 1⁷
2622 4056 2857 4111 ascleta-

558 4138 732 4191 rionis
760 4139 829 4203 Ω,
870 4137 1089 4205 ‘quaere
1117 4154 1192 4188 an
1218 4134 1652 4203 Ascleparionis’
1687 4137 1919 4205 Bentley
1945 4143 1998 4190 et
2030 4137 2110 4191 sic
2145 4137 2346 4190 emend.
2378 4137 2737 4191 Kumanudis
2767 4138 2857 4205 (cf.

561 4218 889 4273 Boissevain
920 4218 996 4271 ad
1024 4217 1196 4270 Dion.
1227 4220 1315 4281 67,
1336 4220 1421 4281 16,
1443 4218 1515 4284 3),
1544 4214 1885 4270 Asclationis
1916 4217 1984 4270 F.
2009 4216 2240 4270 Oumont
2259 4218 2458 4285 (Gatal.
2487 4218 2640 4272 codd.
2670 4219 2859 4272 astrol.

565 4299 755 4352 Graec.
799 4298 850 4351 V
862 4314 920 4365 p.
950 4299 1080 4365 205)
1194 4300 1260 4348 18
1289 4298 1498 4364 seq(ue)
1528 4297 1595 4348 M
1599 4297 1843 4362 GLPTQ
1960 4297 2272 4365 prouidisse
2305 4298 2520 4352 GLPT
2624 4303 2690 4352 21
2722 4315 2857 4366 quo-

562 4395 669 4445 que
706 4394 807 4430 om.
838 4398 896 4444 ρ,
943 4394 1113 4446 quam
1150 4377 1239 4430 uel
1274 4393 1494 4444 quoque
1537 4394 1707 4443 quam
1746 4378 1938 4431 Duker
2154 4383 2220 4430 23
2270 4377 2490 4431 detecto
2515 4379 2592 4443 N,
2622 4379 2858 4432 disiecto

562 4459 794 4527 Bentley
821 4459 913 4526 al„
944 4458 1162 4511 deserto
1192 4457 1419 4511 Ernesti
1565 4462 1633 4509 24
1672 4460 1706 4510 a
1733 4457 1904 4511 immo
1938 4458 2010 4511 M
2153 4464 2220 4510 26
2257 4458 2486 4511 tubures
2517 4458 2602 4525 M,
2632 4459 2860 4513 tuberos

560 4538 640 4602 L,
686 4536 911 4591 tuberes
948 4539 1042 4591 rel.
1073 4544 1123 4591 et
1159 4537 1296 4602 edd„
1333 4537 1371 4590 i.
1399 4536 1617 4590 boletos
1654 4554 1724 4591 ss.
1756 4540 1817 4591 in
1855 4558 1880 4593 ε
