3325 5209
1326 427 1522 482 OTHO
1562 439 1694 489 [cap.
1724 438 1849 487 6-8]
2601 413 2756 491 289.

427 591 517 655 ‘ab
566 592 789 657 infima
834 592 1021 677 plebe
1080 591 1441 676 appellatus
1486 589 1663 665 Nero
1718 592 1969 655 nullum
2026 591 2335 655 indicium
2382 582 2737 656 recusantis

436 698 631 782 dedit,
677 699 896 783 immo,
945 702 1021 764 ut
1069 699 1330 782 quidam
1377 699 1805 781 tradiderunt,
1860 699 2053 762 etiam
2102 698 2561 783 diplomatibus
2608 699 2736 782 pri-

436 808 688 890 misque
753 806 1048 891 epistulis
1123 807 1255 871 suis
1320 806 1400 869 ad
1476 805 1786 889 quosdam
1858 806 2339 889 prouinciarum
2412 805 2734 890 praesides

435 912 713 977 Neronis
761 934 1119 997 cognomen
1164 913 1413 978 adiecit.
1495 916 1664 976 certe
1712 916 1776 976 et
1822 913 2136 997 imagines
2183 916 2552 995 statuasque
2599 913 2735 976 eius

385 1046 408 1085 ι
441 1019 666 1103 reponi
725 1042 952 1104 passus
1014 1024 1110 1085 est
1171 1023 1234 1082 et
1291 1022 1739 1103 procuratores
1800 1023 1993 1101 atque
2051 1018 2319 1083 libertos
2381 1019 2461 1082 ad
2517 1018 2734 1083 eadem

438 1127 654 1190 officia
689 1128 1037 1211 reuocauit,
1073 1148 1192 1190 nec
1231 1127 1574 1209 quicquam
1611 1126 1794 1209 prius
1830 1148 1949 1208 pro
1996 1129 2313 1210 potestate
2352 1124 2737 1209 subscripsit

440 1255 633 1316 quam
680 1234 1087 1319 quingenties
1126 1234 1494 1297 sestertium
1540 1233 1621 1296 ad
1663 1233 2090 1318 peragendam
2129 1232 2409 1296 Auream
2456 1232 2734 1297 domum.

614 1340 869 1404 Dicitur
906 1363 980 1405 ea
1017 1345 1206 1405 nocte
1235 1363 1351 1424 per
1387 1341 1670 1424 quietem
1697 1340 2071 1424 pauefactus
2102 1340 2380 1424 gemitus
2418 1340 2733 1404 maximos
2772 1355 2804 1401 2

436 1447 706 1512 edidisse
744 1452 1164 1532 repertusque
1203 1471 1240 1512 a
1269 1446 1798 1512 concursantibus
1835 1445 2015 1511 humi
2063 1451 2209 1510 ante
2245 1448 2484 1510 lectum
2520 1446 2733 1511 iacens

356 1578 407 1616 ιο
436 1576 551 1637 per
599 1556 815 1619 omnia
861 1556 1265 1639 piaculorum
1311 1576 1545 1640 genera
1579 1553 1803 1617 Manes
1844 1553 2104 1637 Galbae,
2149 1576 2188 1617 a
2233 1575 2361 1636 quo
2409 1553 2736 1617 deturbari

353 1650 373 1697 ·’
435 1661 798 1745 expellique
846 1685 913 1726 se
960 1662 1236 1744 uiderat,
1292 1661 1644 1745 propitiare
1690 1664 2065 1746 temptasse3
2120 1659 2431 1743 postridie
2478 1682 2734 1743 quoque

435 1768 503 1829 in
550 1768 924 1853 augurando
980 1772 1362 1852 tempestate
1418 1772 1559 1832 orta
1614 1768 1900 1853 grauiter
1956 1770 2330 1852 prolapsum
2385 1766 2732 1832 identidem

435 1873 953 1940 obmurmurasse
966 1899 980 1940 τ

988 1985 1058 2046 τί
1097 1983 1224 2067 γάρ
1270 2006 1384 2065 μοι
1430 1980 1538 2045 καὶ
1586 1992 1863 2067 μακροῖς
1909 1981 2169 2057 αὐλοῐς;

359 2111 406 2150 15
616 2087 752 2152 Sub
800 2089 969 2153 idem
1017 2110 1171 2152 uero
1217 2092 1474 2172 tempus
1522 2086 1992 2152 Germaniciani
2039 2088 2355 2151 exercitus
2404 2088 2470 2150 in
2506 2086 2734 2151 Vitelli
2768 2084 2809 2149 8

434 2195 633 2259 uerba
672 2197 971 2261 iurarant.
1058 2196 1231 2280 quod
1268 2200 1338 2258 ut
1381 2196 1711 2278 comperit,
1758 2197 1981 2257 auctor
2019 2192 2269 2257 senatui
2305 2193 2432 2257 fuit
2476 2193 2731 2258 mitten-

435 2303 550 2365 dae
596 2303 941 2387 legationis
950 2354 968 2386 ,
1016 2324 1177 2385 quae
1224 2303 1479 2367 doceret
1526 2303 1800 2365 electum
1848 2301 1975 2364 iam
2021 2299 2404 2383 principem,
2451 2300 2731 2382 quietem

338 2447 344 2451 -
435 2409 969 2492 concordiamque
1009 2409 1327 2492 suaderet3
1374 2413 1439 2472 et
1484 2413 1701 2472 tamen
1744 2429 1860 2492 per
1896 2405 2326 2470 internuntios
2363 2427 2439 2470 ac
2482 2407 2731 2471 litteras

436 2519 800 2579 consortem
874 2516 1129 2600 imperii
1194 2537 1627 2600 generumque
1699 2537 1765 2578 se
1824 2512 2093 2578 Vitellio
2156 2512 2409 2596 optulit.
2505 2535 2730 2577 uerum

354 2642 406 2682 20
434 2621 606 2685 haud
667 2622 862 2686 dubio
924 2621 1095 2686 bello
1159 2623 1416 2705 iamque
1479 2621 1748 2686 ducibus
1804 2625 1869 2685 et
1925 2621 2126 2705 copiis
2137 2671 2154 2703 ,
2216 2641 2372 2702 quas
2428 2618 2731 2684 Vitellius

434 2730 879 2812 praemiserat,
953 2727 1624 2812 appropinquantibus
1690 2728 1973 2793 animum
2046 2727 2368 2810 fidemque
2440 2748 2593 2810 erga
2666 2748 2730 2790 se

436 2836 991 2918 praetorianorum
1029 2857 1231 2920 paene
1258 2835 1693 2899 internecione
1729 2835 2112 2919 amplissimi
2150 2833 2394 2897 ordinis
2431 2837 2730 2916 expertus

435 2945 549 3005 est.
635 2940 752 3026 [et]
804 2942 1134 3024 placuerat
1179 2963 1296 3025 per
1340 2940 1701 3005 classiarios
1749 2962 1926 3003 arma
1978 2940 2313 3004 transferri
2361 2939 2731 3023 remittique
2767 2954 2798 3001 2

436 3048 742 3132 nauibus3
788 3070 862 3112 ea
910 3070 1056 3112 cum
1104 3048 1174 3112 in
1220 3049 1443 3112 castris
1492 3047 1611 3111 sub
1654 3051 1908 3112 noctem
1953 3050 2418 3131 promerentur,
2464 3047 2729 3111 insidias

355 3174 406 3214 25
438 3155 697 3238 quidam
760 3156 1071 3239 suspicati
1129 3153 1479 3220 tumultum
1528 3156 1995 3238 excitauerunt3
2056 3175 2130 3218 ac
2186 3157 2447 3236 repente
2509 3174 2728 3217 omnes

432 3261 613 3325 nullo
679 3266 854 3325 certo
920 3262 1079 3327 duce
1152 3262 1221 3325 in
1284 3261 1605 3325 Palatium
1671 3263 2086 3325 cucurrerunt
2150 3260 2405 3323 caedem
2472 3264 2728 3323 senatus

433 3369 817 3453 flagitantes,
877 3368 1281 3452 repulsisque
1331 3368 1739 3433 tribunorum
1792 3368 1902 3451 qui
1963 3366 2252 3430 inhibere
2310 3366 2729 3450 temptabant,

576 3531 643 3579 15
683 3527 918 3595 Eutrop.
962 3526 1083 3580 VII
1105 3531 1191 3591 17,
1223 3530 1258 3580 3
1297 3542 1422 3579 cum
1460 3525 1642 3578 isdem
1679 3526 2041 3595 temporibus,
2079 3523 2284 3592 quibus
2314 3523 2460 3577 Otho
2491 3524 2729 3578 Galbam

432 3607 732 3672 occiderat,
765 3606 937 3659 etiam
966 3605 1231 3659 Vitellius
1258 3606 1445 3659 factus
1474 3609 1621 3659 esset
1649 3621 1685 3657 a
1714 3604 2157 3660 Germanicianis
2187 3603 2523 3658 exercitibus
2552 3604 2730 3674 impe-

430 3691 599 3741 rator.
686 3688 837 3742 Oros.
881 3687 1004 3739 VH
1025 3690 1078 3753 8,
1108 3692 1144 3739 6
1191 3703 1318 3739 cum
1356 3727 1368 3739 .
1402 3729 1412 3739 .
1446 3728 1456 3738 .
1497 3686 1804 3740 inuasisset
1848 3686 2145 3754 imperium
2193 3702 2259 3739 ac
2304 3701 2434 3738 mox
2479 3686 2730 3739 creatum

431 3768 826 3836 imperatorem
862 3765 924 3818 in
964 3765 1151 3819 Gallia
1187 3782 1289 3834 per
1327 3765 1690 3820 Germanicas
1733 3766 1983 3835 legiones
2022 3765 2314 3820 Vitellium
2353 3764 2728 3834 comperisset.

574 3924 604 3970 9
625 3917 978 3986 repertisque
1001 3919 1108 3972 Μδ
1215 3917 1678 3971 conuersantibus
1699 3921 1758 3970 X
1835 3923 1900 3969 12
1929 3917 2283 3987 prolapsusY
2307 3918 2393 3986 (cf.
2410 3934 2469 3985 p.
2489 3920 2621 3983 292,
2641 3919 2732 3986 17)

435 4004 500 4051 14
539 3999 731 4059 αὐλοῖς
759 4015 792 4057 ς
821 3998 961 4065 (Dio
991 4001 1079 4063 64,
1111 4002 1145 4051 7
1181 3995 1235 4051 τί
1273 3998 1380 4067 γάρ
1408 4017 1475 4067 με
1503 3998 1618 4052 ἔδει
1647 4006 1882 4066 μακροῖς
1918 3998 2109 4059 αὐλοῖς
2145 3999 2373 4067 αὐλεῖν),
2411 3997 2730 4051 ΔΟΥΛΟΙ(

434 4080 520 4144 Μ,
558 4078 924 4132 ΛΔΟΥΛΟΙΟ
956 4077 1026 4144 G,
1055 4079 1361 4134 ΒΟΥΔΟΙΟ
1389 4079 1444 4147 S,
1483 4079 1796 4133 dordone
1826 4079 1995 4148 (-ω1(ἶ
2028 4080 2094 4147 Τ)
2124 4078 2245 4146 Lr,
2283 4078 2510 4140 ἀσύλοις
2537 4094 2586 4142 ς,
2624 4093 2727 4131 om.

429 4159 541 4214 PT
680 4163 747 4211 15
776 4157 1208 4226 germanicianii
1228 4160 1303 4212 M
1304 4159 1429 4225 GR,
1457 4156 1766 4228 germanici
1785 4161 1845 4212 X
1983 4163 2048 4211 16
2078 4156 2291 4210 iurauit
2310 4158 2378 4223 L,
2416 4157 2608 4210 iurant
2626 4157 2730 4212 Po

434 4243 500 4291 18
538 4237 1006 4307 concordiamque
1041 4239 1198 4306 GT&
1255 4240 1313 4291 et
1350 4237 1711 4291 concordiam
1755 4241 1804 4290 Τ
1836 4238 2015 4307 (edd),
2074 4236 2427 4291 concordiam
2462 4239 2575 4305 rel„
2628 4235 2727 4292 del.

433 4318 499 4372 G.
523 4320 729 4381 Becker
767 4319 855 4388 (cf.
887 4319 1076 4374 Herm.
1106 4323 1258 4387 4012.
1291 4318 1420 4385 182)
1539 4322 1609 4370 20
1645 4317 1760 4371 hau
1799 4320 1873 4372 M
1878 4317 1896 4349 ¹
2012 4323 2080 4370 22
2118 4317 2526 4371 internectione
2553 4318 2729 4398 LPI,

428 4399 671 4453 -nitione
708 4399 812 4454 811
950 4404 1021 4453 23
1058 4401 1147 4453 est
1181 4416 1283 4454 om.
1317 4399 1365 4469 Q
1525 4400 1583 4452 et
1620 4399 1722 4452 del.
1759 4400 1912 4453 Torr.
1952 4400 2073 4468 (om.
2104 4397 2215 4467 52),
2253 4396 2462 4451 etenim
2479 4397 2730 4467 Lipsius,

429 4480 655 4549 quando
697 4480 1030 4546 Glareamw,
1078 4479 1131 4533 ei
1168 4480 1436 4534 Ba‘cheler
1575 4478 1979 4547 praemittique
2018 4479 2341 4547 Stephanae,
2395 4477 2728 4544 demittique

436 4561 572 4615 Oud.
720 4565 788 4612 24
825 4562 1152 4629 pmerentur
1193 4562 1243 4612 Τ

536 4657 808 4700 svm-oms
835 4659 905 4700 ed.
932 4659 1068 4699 Ihm.
1120 4660 1158 4700 Ι.
2231 4651 2296 4699 19
