3325 5209
1297 407 1497 462 NERO
1538 419 1670 469 [cst.
1702 418 1876 468 16—20]
2602 408 2728 471 241

432 566 808 653 Polemone,
867 569 1023 633 item
1085 568 1356 654 Alpium
1421 572 1724 635 defuncto
1783 569 2000 635 Cottio
2059 572 2127 634 in
2180 569 2552 653 prouinciae
2608 570 2735 634 for-

433 698 605 738 mam
651 676 917 761 redegit.

610 781 1167 868 Peregrinationes
1232 784 1388 847 duas
1447 786 1708 848 omnino
1758 784 2068 868 suscepit,
2123 783 2625 847 Alexandrinam
2673 788 2735 847 et
2751 780 2841 847 19

434 888 808 974 Achaicam3
857 890 966 953 sed
1016 890 1454 956 Alexandrina
1501 892 1644 975 ipso
1694 891 2110 975 profectionis
2160 891 2261 954 die
2310 890 2558 953 destitit
2604 892 2735 952 tur-

377 1017 401 1055 5
433 994 618 1058 batus
650 996 960 1081 religione
998 998 1191 1061 simul
1230 1020 1304 1061 ac
1327 997 1646 1080 «periculo,
1712 1020 1864 1062 nam
1903 1019 2048 1060 cum
2088 995 2438 1061 circumitis
2475 995 2732 1078 templis

430 1101 494 1164 in
544 1102 698 1165 aede
743 1101 977 1167 Vestae
1023 1104 1395 1188 resedisset,
1450 1105 1865 1189 consurgenti
1911 1104 1970 1167 ei
2018 1103 2296 1187 primum
2342 1101 2578 1168 lacinia
2624 1103 2733 1167 ob-

431 1208 656 1292 haesit,
703 1209 851 1273 dein
895 1214 1075 1274 tanta
1124 1209 1358 1275 oborta
1409 1212 1619 1297 caligo
1670 1216 1792 1294 est,
1840 1215 1912 1274 ut
1960 1210 2271 1293 dispicere
2318 1232 2449 1274 non
2494 1213 2732 1294 posset.

430 1314 496 1377 in
543 1313 791 1380 Achaia
826 1315 1147 1381 Isthmum
1185 1318 1524 1401 perfodere
1563 1319 1904 1402 adgressus
1943 1317 2386 1400 praetorianos
2426 1338 2545 1399 pro
2587 1338 2733 1380 con·
2771 1332 2801 1378 2

433 1420 607 1485 tione
654 1423 734 1486 ad
780 1423 1213 1487 incohandum
1263 1445 1430 1508 opus
1481 1425 1856 1489 cohortatus
1899 1428 1997 1486 est
2033 1406 2316 1506 tubaque
2354 1423 2541 1508 signo
2581 1423 2732 1486 dato

353 1548 403 1586 ιο
435 1529 679 1609 primus
727 1529 985 1593 rastello
1033 1530 1304 1593 humum
1356 1531 1578 1594 effodit
1626 1534 1690 1593 et
1737 1529 2037 1594 corbulae
2076 1534 2445 1615 congestam
2493 1529 2732 1593 umeris

433 1635 678 1699 extulit.
750 1636 1020 1718 parabat
1059 1640 1122 1699 et
1161 1637 1240 1699 ad
1281 1634 1552 1722 Caspias
1592 1641 1814 1718 portas
1853 1635 2328 1719 expeditionem
2368 1637 2732 1720 conscripta

432 1763 509 1803 ex
554 1740 798 1805 Italicis
847 1764 1071 1805 senum
1122 1742 1357 1824 pedum
1407 1743 1727 1807 tironibus
1764 1764 1936 1806 noua
1972 1744 2241 1827 legione,
2290 1764 2480 1825 quam
2510 1741 2732 1826 Magni

432 1845 785 1910 Alexandri
831 1848 1152 1934 phalanga
1198 1848 1589 1931 appellabat.

609 1952 786 2017 Haec
831 1955 1067 2039 partim
1113 1954 1293 2018 nulla
1338 1955 1856 2038 reprehensione,
1902 1955 2142 2037 partim
2191 1955 2384 2018 etiam
2427 1975 2560 2018 non
2605 1978 2730 2020 me—
2770 1970 2801 2016 3

355 2079 403 2118 15
434 2060 635 2124 diocri
681 2060 867 2124 laude
915 2061 1110 2146 digna
1157 2062 1224 2124 in
1270 2084 1475 2125 unum
1522 2061 1787 2143 contuli,
1832 2066 1905 2125 ut
1952 2082 2346 2124 secernerem
2390 2084 2427 2123 a
2474 2061 2730 2144 probris

432 2186 504 2230 ac
551 2167 897 2230 sceleribus
945 2169 1101 2252 eiuS,
1149 2169 1226 2232 de
1275 2169 1512 2251 quibus
1562 2168 1793 2233 dehinc
1839 2169 2062 2231 dicam.

609 2272 785 2337 Inter
843 2277 1083 2339 ceteras
1145 2275 1519 2357 disciplinas
1582 2275 1898 2359 pueritiae
1961 2277 2250 2357 tempore
2316 2273 2602 2336 imbutus
2668 2278 2733 2336 et
2752 2270 2840 2335 20

431 2382 700 2464 musica,
756 2383 976 2445 statim
1033 2386 1106 2445 ut
1161 2383 1501 2465 imperium
1550 2382 1821 2464 adeptus
1869 2386 1991 2463 est,
2047 2380 2375 2463 Terpnum
2423 2379 2732 2443 citharoe-

432 2487 585 2550 dum
648 2487 976 2573 uigentem
1040 2497 1198 2553 tunc
1264 2492 1520 2572 praeter
1584 2489 1746 2553 alios
1812 2488 2103 2551 arcessiit
2168 2486 2518 2570 diebusque
2585 2508 2730 2551 con-

351 2611 403 2649 20
430 2593 630 2657 tinuis
686 2599 837 2676 post
894 2616 1115 2658 cenam
1171 2596 1428 2660 canenti
1486 2596 1554 2659 in
1610 2595 1881 2659 multam
1937 2598 2201 2686 noctem,
2240 2593 2528 2657 assidens
2575 2616 2730 2676 pau-

430 2699 612 2762 latim
662 2704 726 2763 et
772 2702 909 2785 ipse
955 2701 1253 2765 meditari
1303 2704 1708 2786 exercerique
1765 2702 1978 2786 coepit
2030 2722 2239 2784 neque
2287 2721 2509 2763 eorum
2556 2701 2729 2782 quic-

432 2826 623 2886 quam
674 2809 994 2890 omittere,
1051 2830 1212 2891 quae
1260 2810 1517 2894 generis
1567 2809 1702 2872 eius
1759 2809 2036 2872 artifices
2092 2808 2198 2871 uel
2257 2805 2729 2871 conseruandae

431 2913 608 2977 uocis
667 2909 859 2977 causa
903 2917 1008 2978 uel
1055 2916 1383 2999 augendae
1429 2916 1827 3000 factitarent3
1876 2914 1986 2979 sed
2033 2917 2097 2977 et
2142 2913 2514 2997 plumbeam
2552 2913 2729 2975 char-

430 3021 564 3081 tam
612 3021 880 3103 supinus
928 3026 1189 3103 pectore
1238 3023 1553 3087 sustinere
1600 3029 1664 3084 et
1714 3024 1984 3106 clystere
2031 3020 2409 3103 uomituque
2462 3020 2728 3104 purgari

350 3141 400 3180 25
432 3128 494 3187 et
531 3126 849 3191 abstinere
877 3128 1090 3211 pomis
1121 3128 1408 3212 cibisque
1440 3129 1898 3211 officientibus3
1936 3128 2138 3191 donec
2174 3126 2541 3188 blandiente
2580 3147 2726 3208 pro-

427 3232 616 3313 fectu,
662 3253 1049 3315 quamquam
1089 3233 1363 3317 exiguae
1411 3235 1590 3298 uocis
1630 3237 1694 3297 et
1742 3234 1976 3316 fuscae,
2023 3232 2280 3315 prodire
2327 3232 2396 3295 in
2433 3252 2725 3294 scaenam

427 3339 771 3420 concupiit,
809 3338 1077 3402 subinde
1113 3339 1280 3403 inter
1314 3340 1662 3403 familiares
1694 3338 2006 3403 Graecum
2036 3338 2450 3421 prouerbium
2479 3338 2725 3402 iactans

430 3446 778 3508 occultae
847 3447 1180 3510 musicae
1255 3446 1556 3511 nullum
1626 3468 1794 3510 esse
1855 3449 2306 3531 respectum,
2393 3448 2457 3507 et
2512 3444 2796 3527 prodit2

426 3548 707 3632 Neapoli
752 3550 1036 3633 primum
1083 3572 1158 3615 ac
1203 3574 1283 3615 ne
1334 3573 1643 3616 concusso
1694 3551 1953 3636 quidem
1998 3555 2262 3634 repente
2299 3555 2483 3615 motu
2520 3555 2727 3615 terrae

351 3672 403 3710 80
429 3656 679 3720 theatro
701 3661 848 3720 ante
869 3662 1123 3721 cantare
1146 3658 1410 3740 destitit,
1441 3680 1635 3741 quam
1664 3658 2038 3722 incohatum
2078 3657 2439 3721 absolueret
2467 3679 2725 3721 nomon.

573 3892 605 3936 4
645 3883 1009 3938 alexandrina
1052 3886 1229 3952 GHT,
1269 3903 1427 3940 -nam
1463 3888 1556 3941 rel.
1589 3887 1682 3955 (Ω)
1721 3892 1773 3940 et
1806 3887 1886 3939 sic
1924 3886 2155 3960 Bentley
2193 3887 2371 3955 leyens
2398 3892 2590 3954 postea
2629 3886 2726 3937 de-

432 3962 622 4028 seruit,
661 3964 1042 4018 Alexandrina
1079 3966 1140 4018 in
1183 3967 1322 4021 Oud.
1474 3966 1566 4019 die
1604 3983 1706 4022 om.
1741 3966 1793 4019 G
1946 3965 2207 4019 destituit
2245 3982 2323 4032 ρς
2487 3969 2517 4017 ὅ
2558 3964 2726 4018 simul

430 4042 703 4111 religione
739 4048 786 4097 Τ
950 4062 1076 4098 cum
1114 4062 1214 4099 om.
1247 4049 1342 4113 M,
1376 4054 1502 4114 post
1537 4062 1672 4100 nam
1708 4047 1835 4101 add.
1867 4046 2037 4115 Πῼδ,
2067 4050 2197 4114 post
2232 4044 2459 4113 templis
2494 4045 2664 4100 GRX

431 4122 679 4177 circuitis
704 4122 828 4178 Gr'
921 4130 949 4176 7
972 4125 1177 4178 deinde
1203 4127 1291 4184 Τς
1311 4128 1503 4196 (uuly.)
1588 4126 1877 4195 despicere
1901 4129 1969 4193 Ω,
1990 4143 2124 4181 corr.
2149 4143 2182 4184 ς
2212 4126 2350 4194 (edd.
2363 4141 2452 4192 pr.
2475 4126 2654 4195 Rom.)

434 4207 494 4254 11
538 4203 855 4272 conscripta
886 4204 1097 4273 HQST,
1137 4206 1281 4256 -tam
1318 4207 1410 4260 rel.
1442 4207 1535 4275 (Ω)
1659 4211 1723 4258 13
1763 4205 2110 4274 phalangam
2146 4209 2206 4271 Y,
2245 4220 2440 4274 -guam
2471 4204 2527 4269 S,
2570 4222 2726 4274 -gem

430 4281 592 4335 LPT
701 4290 765 4337 15
802 4283 1161 4351 probriisM,
1190 4285 1383 4351 probri
1413 4286 1522 4339 LP
1629 4290 1695 4338 16
1736 4287 1825 4356 ac]
1866 4288 1923 4338 et
1955 4286 2021 4350 G,
2058 4302 2092 4337 a
2121 4287 2175 4339 P
2285 4290 2348 4336 19
2389 4285 2623 4338 arcessit
2653 4286 2725 4350 R,

429 4362 688 4416 accersiit
715 4365 884 4432 (acer·
923 4365 992 4431 T>
1019 4362 1251 4418 GPS²T
1370 4365 1567 4420 diebus
1601 4364 1737 4419 GR¹
1846 4370 1913 4418 23
1951 4365 2107 4418 uocis
2142 4365 2325 4436 gratia
2356 4365 2424 4418 H
2526 4370 2591 4417 25
2623 4381 2723 4433 po-

427 4441 580 4495 tibus
608 4445 696 4497 uel
724 4443 969 4512 pomatis
993 4443 1285 4498 Reinesius
1429 4450 1495 4497 28
1526 4444 1738 4514 prodiit
1770 4446 1873 4498 ῬΤ
1898 4446 2092 4515 (uuly.)
2247 4449 2313 4496 29
2348 4443 2573 4512 neapoli
2599 4442 2725 4511 HQ,

426 4523 712 4592 neapolim
739 4525 832 4577 rel.
854 4526 946 4593 (Ω)
1073 4529 1140 4577 30
1177 4541 1382 4578 nomen
1419 4527 1529 4595 (uel
1563 4528 1715 4592 nom)
1745 4525 1866 4579 XN
1896 4527 2089 4595 (quam
2126 4525 2392 4577 inchoata
2429 4522 2614 4576 finiret
2645 4522 2729 4589 Η)

535 4622 805 4663 Svn'romvs
834 4624 904 4663 ed.
930 4624 1065 4663 Ihm.
1119 4624 1157 4662 Ι.
2286 4618 2349 4665 16
