3325 5209
1308 397 1507 452 NERO
1548 410 1679 458 [cAr.
1711 410 1886 458 28—31]
2611 398 2742 460 249

441 562 909 646 profusionem:
968 561 1326 625 sordidos
1374 583 1454 625 ac
1500 563 1874 645 deparcos
1921 583 2084 624 esse
2133 560 2411 643 quibus
2460 560 2742 644 impen-

444 692 690 733 sarum
728 669 929 732 ratio
970 671 1389 750 constaret,
1428 669 1874 752 praelautos
1911 690 2243 751 uereque
2281 667 2746 752 magnificos

444 777 570 858 qui
638 776 1141 839 abuterentur
1206 797 1287 838 ac
1351 775 1780 857 perderent.
1890 774 2197 838 laudabat
2260 773 2744 858 mirabaturque

443 883 832 946 auunculum
874 880 1098 945 Gaium
1138 881 1320 946 nullo
1358 883 1567 966 magis
1606 883 1886 964 nomine,
1933 903 2126 964 quam
2172 881 2339 963 quod
2388 882 2669 967 ingentis
2710 904 2746 943 a

390 1012 413 1051 5
445 989 701 1052 Tiberio
731 988 988 1052 relictas
1018 1011 1171 1072 opes
1200 988 1269 1054 in
1296 986 1478 1052 breui
1509 989 1720 1072 spatio
1751 987 2168 1072 prodegisset.
2255 1009 2451 1070 quare
2481 1008 2597 1051 nec
2624 989 2744 1051 lar-
2784 1002 2817 1048 2

445 1095 660 1179 giendi
698 1117 817 1161 nec
853 1095 1230 1160 absumendi
1268 1095 1531 1159 modum
1569 1094 1796 1158 tenuit.
1881 1095 1947 1158 in
1995 1094 2366 1179 Tiridatem,
2415 1094 2587 1177 quod
2633 1095 2746 1156 uix

446 1202 747 1266 credibile
793 1202 1113 1286 uideatur,
1170 1203 1513 1286 octingena
1565 1222 1904 1265 nummum
1954 1201 2135 1264 milia
2180 1202 2409 1265 diurna
2455 1201 2746 1284 erogauit

445 1308 832 1391 abeuntique
863 1331 1055 1393 super
1083 1309 1445 1373 sestertium
1476 1304 1687 1371 milies
1718 1309 2010 1372 contulit.
2075 1307 2482 1371 Menecraten
2517 1307 2746 1371 cithar-

447 1416 677 1479 oedum
718 1420 780 1480 et
811 1414 1144 1498 Spiculum
1187 1415 1660 1478 murmillonem
1699 1413 2193 1498 triumphalium
2229 1415 2522 1478 uirorum
2550 1415 2744 1498 patri-

366 1545 417 1583 10
446 1522 680 1586 moniis
729 1522 1120 1604 aedibusque
1176 1521 1457 1585 donauit.
1551 1521 2065 1604 cercopithecum
2113 1520 2492 1585 Panerotem
2539 1521 2748 1584 faeness

444 1633 722 1692 ratorem
786 1632 851 1692 et
909 1627 1171 1691 urbanis
1233 1628 1617 1710 rusticisque
1682 1628 1960 1711 praediis
2023 1629 2491 1712 locupletatum
2547 1650 2747 1710 prope

444 1737 622 1819 regio
671 1733 905 1799 extulit
940 1735 1180 1797 funere.
1264 1734 1508 1798 nullam
1554 1737 1802 1796 uestem
1842 1734 1944 1798 bis
1981 1734 2207 1798 induit.
2291 1733 2746 1819 quadringenis
2785 1748 2819 1795 3

447 1842 513 1904 in
560 1844 873 1923 punctum
921 1841 1231 1904 sestertiis
1270 1840 1473 1904 aleam
1519 1841 1695 1905 lusit.
1777 1840 2060 1923 piscatus
2099 1845 2196 1904 est
2232 1845 2367 1905 rete
2414 1846 2636 1904 aurato
2684 1846 2748 1904 et

448 1969 736 2030 purpura
785 1967 1103 2029 coccoque
1150 1947 1411 2010 funibus
1459 1947 1659 2010 nexiS.
1743 1969 2096 2029 numquam
2143 1948 2355 2009 minus
2395 1947 2572 2011 mille
2620 1969 2747 2010 car·

370 2074 419 2115 15
450 2054 618 2117 rucis
675 2053 905 2117 fecisse
962 2054 1086 2117 iter
1141 2052 1443 2136 traditur,
1502 2054 1695 2116 soleis
1740 2052 2056 2117 mularum
2106 2054 2455 2137 argenteiS,
2503 2055 2748 2117 canusi-

447 2161 617 2224 natis
664 2160 1090 2244 mulionibus„
1145 2160 1465 2223 armillata
1520 2159 1980 2242 phalerataque
2037 2159 2363 2223 Mazacum
2423 2160 2612 2223 turba
2658 2165 2749 2223 at-

450 2290 574 2350 que
622 2288 969 2331 cursorum.

625 2373 779 2438 Non
834 2375 901 2438 in
959 2374 1085 2437 alia
1147 2396 1216 2437 re
1282 2378 1496 2437 tamen
1555 2373 1927 2436 damnosior
1982 2395 2173 2455 quam
2232 2375 2299 2436 in
2357 2366 2852 2438 aedificando3l

594 2548 624 2592 3
664 2542 899 2609 Eutrop.
935 2541 1059 2594 VII
1087 2544 1179 2604 14,
1205 2545 1235 2593 1
1276 2538 1585 2608 Caligulae,
1635 2538 1913 2592 auunculo
1962 2556 2079 2604 su0,
2118 2539 2467 2606 simillimus,
2505 2540 2602 2609 qui
2640 2541 2750 2592 Ro-

449 2637 677 2673 manum
717 2620 1015 2689 imperium
1055 2622 1113 2673 et
1151 2619 1489 2673 deformauit
1519 2622 1576 2672 et
1603 2620 1826 2684 minuit,
1863 2619 2169 2673 inusitatae
2206 2619 2460 2673 luxuriae
2500 2623 2750 2689 sumptu·
2811 2656 2815 2660 -

449 2717 672 2770 umque.
736 2702 882 2754 Oros.
919 2702 1040 2755 VII
1065 2705 1115 2767 7,
1136 2706 1166 2753 1
1208 2699 1314 2753 Gai
1361 2699 1678 2769 Caligulae,
1727 2699 1992 2752 auunculi
2030 2700 2143 2766 sui,
2189 2715 2325 2767 erga
2373 2700 2561 2753 omnia
2607 2701 2752 2753 uitia

451 2798 517 2834 ac
555 2781 766 2834 scelera
804 2783 1064 2847 sectator,
1102 2780 1271 2833 immo
1309 2783 1702 2849 transgressor.
1855 2785 1919 2833 13
1959 2781 2197 2849 Eutrop.
2231 2782 2353 2834 VII
2374 2784 2459 2847 14,
2481 2785 2511 2833 1
2550 2783 2617 2833 ut
2653 2780 2750 2847 qui

567 2862 781 2914 retibus
831 2861 1015 2914 aureis
1064 2861 1402 2928 piscaretur,
1451 2875 1594 2928 quae
1634 2860 1894 2912 blattinis
1931 2859 2161 2913 funibus
2200 2860 2533 2914 extrahebat
2571 2860 2748 2929 (Hier.

451 2942 632 2995 chron.
674 2960 725 2995 α.
755 2944 906 2994 2075
946 2958 1052 3009 pro
1098 2939 1357 2993 blattinis
1405 2940 1659 2993 eoehibens
1697 2939 2019 3008 purpureis,
2057 2941 2185 2993 item
2227 2940 2452 2994 Orosius
2482 2941 2603 2993 VII
2628 2945 2677 3005 7,
2699 2945 2751 3005 3,

452 3038 556 3089 quo
594 3037 726 3075 usus
763 3027 839 3075 est
878 3022 1164 3074 Heirieus:
1215 3018 1545 3089 piscabatur
1575 3063 1585 3072 .
1610 3062 1621 3073 .
1647 3062 1658 3073 .
1688 3019 1901 3073 retibus
1942 3020 2124 3073 aureis
2164 3037 2309 3088 quae
2346 3019 2574 3073 funibus
2621 3038 2752 3088 pur-

450 3102 639 3169 pureis
677 3100 771 3153 uel
800 3100 1074 3154 coccineis
1120 3099 1575 3165 extrahebantur.
1636 3102 1765 3153 inde
1808 3102 1970 3153 etiam
2005 3101 2171 3170 Fuly.
2212 3102 2276 3153 de
2318 3107 2417 3154 aet.
2459 3101 2645 3154 muml.
2683 3106 2748 3153 51

445 3200 502 3249 p.
529 3186 650 3247 177,
669 3187 697 3234 1
731 3182 806 3234 da
827 3179 1144 3249 Caligulam
1171 3180 1356 3233 aureis
1385 3180 1705 3249 piscantem
1731 3180 1945 3233 retibus
1975 3180 2315 3248 funibusque
2345 3180 2676 3250 purpureis).

458 3267 522 3313 14
566 3262 712 3315 Oros.
742 3261 865 3316 VII
886 3265 992 3326 7,3
1038 3276 1343 3327 numquam
1392 3262 1577 3314 minus
1629 3259 1787 3313 mille
1835 3260 2079 3313 carrucis
2127 3260 2432 3314 confecisse
2479 3260 2587 3313 iter
2636 3262 2750 3312 tra-

454 3341 620 3393 ditur.
678 3341 747 3406 ef.
783 3342 1007 3409 Lampr.
1040 3342 1254 3410 Helioq.
1287 3344 1375 3406 31,
1397 3345 1431 3394 5
1470 3342 1737 3394 adserens
1762 3354 1780 3392 ’.
1806 3384 1815 3393 .
1842 3383 1852 3394 .
1883 3340 2163 3393 Neronem
2203 3340 2525 3408 quingentis
2564 3356 2750 3392 carru-

454 3422 535 3474 cis
563 3422 673 3475 iter
700 3421 887 3475 inisse.
1011 3425 1077 3474 18
1106 3421 1278 3475 Schol.
1309 3422 1525 3474 Lucan.
1557 3426 1644 3487 10,
1669 3426 1769 3474 111
1803 3421 1885 3474 W.
1916 3420 2027 3473 fuit
2056 3421 2263 3472 nimius
2292 3420 2351 3471 in
2383 3420 2747 3473 aedificando.

597 3570 625 3614 2
666 3562 949 3632 praelatos
984 3563 1091 3629 GS,
1131 3561 1197 3615 a}
1232 3563 1452 3632 pclaros
1487 3562 1559 3632 9²
1596 3564 1658 3615 in
1695 3580 1868 3633 mary.
2026 3568 2056 3614 5
2096 3564 2212 3615 tam
2249 3562 2409 3616 breui
2447 3564 2534 3615 uel
2571 3562 2630 3613 in
2666 3562 2750 3614 bi-

455 3645 584 3696 enni
617 3645 848 3713 Bentley
1067 3648 1097 3694 6
1137 3643 1456 3696 assumendi
1498 3644 1572 3696 M
1783 3642 2119 3695 tiriditatem
2159 3644 2290 3710 (tyr-
2322 3644 2374 3710 ὃ)
2415 3642 2536 3695 ML
2548 3642 2754 3696 1ΡδἯὸ

456 3728 485 3774 9
525 3723 814 3792 speculum
837 3727 904 3792 Ω,
943 3740 1079 3777 corr.
1112 3724 1421 3776 Beroaldus
1450 3723 1537 3792 (cf.
1569 3740 1688 3790 cap.
1720 3724 1811 3790 47)
1956 3722 2205 3774 uirorum
2238 3722 2465 3791 GHQT,
2493 3721 2754 3775 uiuorum

459 3805 767 3858 MLPSRa
952 3809 1016 3857 10
1056 3803 1505 3871 cercophitecum
1542 3804 1769 3871 (-tetum
1806 3805 1872 3868 T,
1912 3801 2084 3855 circo·
2127 3802 2194 3867 G,
2232 3804 2408 3856 certo-
2438 3804 2567 3871 PT)
2603 3806 2677 3854 Ω·

456 3882 831 3937 funeratorem
875 3885 1109 3937 Gronov.
1157 3885 1335 3950 filius,
1380 3885 1711 3936 uenatorem
1757 3882 1992 3936 Gronov.
2024 3889 2187 3950 pater
2233 3881 2659 3951 (faeneratorem
2697 3887 2754 3936 et

457 3962 556 4022 del.
592 3964 823 4032 Bentley
855 3966 1128 4031 accipiens
1169 3965 1234 4017 de
1275 3981 1404 4017 uero
1446 3964 1822 4030 cercopitheco)
1972 3968 2035 4016 13
2080 3962 2205 4015 alea
2239 3963 2287 4015 T
2428 3962 2755 4030 piscabatur

458 4045 646 4096 autem
677 4044 738 4096 H
841 4046 961 4096 rete
1000 4046 1196 4096 aurato
1232 4046 1279 4095 Τ
1303 4043 1537 4112 (retibus
1572 4042 1756 4095 aureis
1785 4043 1854 4095 H
1875 4059 1997 4096 cum
2027 4043 2340 4112 Eutropio),
2369 4045 2526 4095 ueste
2556 4048 2752 4096 aurato

461 4125 534 4177 M
568 4124 717 4192 (inde
742 4126 890 4177 reste
919 4123 1188 4192 Salmas.),
1225 4125 1383 4176 ueste
1415 4125 1614 4176 aurata
1638 4124 1812 4177 GXN
1941 4125 1997 4175 et
2033 4141 2134 4178 om.
2160 4124 2329 4176 GTN
2463 4129 2526 4175 15
2568 4123 2751 4176 confe-

458 4204 599 4257 cisse
643 4205 789 4258 Oros.
976 4210 1041 4256 16
1079 4202 1430 4270 falerataquc
1477 4203 1766 4256 Mazacum
1814 4202 2121 4257 Salmasius
2158 4203 2466 4270 (Mazacum
2507 4204 2585 4256 ed.
2626 4206 2752 4258 Ven.

458 4302 507 4337 a.
532 4288 690 4349 1471,
721 4284 1012 4351 Mazycum
1041 4284 1255 4337 mauult
1278 4283 1422 4337 Roth
1442 4290 1569 4352 post
1598 4285 1775 4352 alios),
1803 4282 2042 4336 falerata
2072 4283 2411 4335 cimazacum
2436 4286 2510 4337 M
2534 4285 2757 4353 (rasura

456 4381 627 4432 supra
665 4366 880 4418 tertiam
919 4366 990 4432 a),
1035 4362 1334 4432 phalerata
1371 4363 1625 4432 (phalera
1660 4364 1737 4428 G,
1773 4362 2038 4415 fallerata
2073 4364 2143 4431 Τ)
2191 4362 2535 4416 cimazacum
2579 4365 2755 4427 GRX,

458 4450 515 4499 et
533 4445 830 4513 phalerata
850 4444 1193 4496 cimazacum
1215 4445 1662 4512 (cificymazacum
1686 4446 1764 4511 Π)
1784 4444 1889 4513 HQ
1991 4449 2054 4496 17
2077 4460 2358 4497 cussorem
2382 4446 2451 4497 M
2554 4449 2617 4495 18
2641 4444 2755 4496 alia

462 4526 688 4595 GHQN
713 4527 921 4593 (tamen
949 4542 1009 4577 re
1039 4525 1153 4593 N),
1192 4522 1378 4577 aliena
1406 4526 1519 4590 rel„
1549 4524 1662 4578 alia
1691 4523 1810 4575 ulla
1840 4524 1948 4592 (uel
1977 4522 2187 4593 aliqua)
2217 4526 2408 4577 tamen
2436 4540 2495 4576 re
2524 4524 2758 4590 Bentley
