3325 5209
1200 413 1533 469 TIBERIVS
1573 426 1704 475 [cu.
1737 427 1912 476 ἰο-73]
2578 416 2702 480 159

409 579 684 643 militem
732 599 987 661 quoque
1027 575 1266 642 Graece
1313 579 1760 642 testimonium
1807 578 2276 666 interrogatum
2314 580 2439 643 nisi
2475 579 2703 644 Latine

410 686 792 771 respondere
840 684 1065 749 uetuit.
2166 698 2170 702 ’

588 792 702 856 Bis
740 793 1001 856 omnino
1040 796 1180 856 toto
1221 814 1502 856 secessus
1542 796 1833 877 tempore
1861 791 2135 857 Romam
2174 793 2378 857 redire
2417 797 2700 877 conatus,
2724 789 2810 855 72

411 900 608 964 semel
674 899 924 963 triremi
988 921 1191 983 usque
1258 900 1337 962 ad
1404 900 1735 982 proximos
1800 899 2217 963 naumachiae
2281 900 2504 963 hortos
2560 899 2705 962 sub-

357 1030 380 1069 5
408 1010 632 1070 uectus
689 1009 788 1070 est
842 1006 1153 1090 disposita
1199 1007 1476 1071 statione
1520 1029 1637 1091 per
1681 1007 1854 1091 ripas
1901 1006 2180 1089 Tiberis,
2238 1029 2398 1092 quae
2446 1007 2706 1071 obuiam

408 1112 786 1197 prodeuntis
834 1113 1262 1195 submoueret,
1310 1114 1544 1178 iterum
1583 1112 1801 1198 Appia
1846 1136 2052 1197 usque
2101 1115 2182 1178 ad
2228 1114 2571 1197 septimum
2617 1116 2705 1178 la-

408 1219 649 1305 pidem,
715 1219 826 1284 sed
887 1220 1244 1304 prospectis
1301 1221 1492 1285 modo
1558 1242 1678 1285 nec
1736 1220 1930 1284 aditis
1985 1220 2166 1285 urbis
2222 1220 2557 1285 moenibus
2612 1243 2705 1285 re-

411 1327 555 1404 diit,
610 1326 820 1411 primo
874 1326 1192 1406 incertum
1250 1350 1376 1410 qua
1432 1328 1509 1392 de
1566 1349 1782 1409 causa,
1838 1333 2063 1412 postea
2119 1331 2370 1393 ostento
2426 1328 2705 1393 territus,

411 1437 547 1497 erat
580 1433 661 1497 >ei
717 1434 785 1496 in
842 1433 1329 1499 oblectamentis
1387 1456 1646 1518 serpens
1713 1435 1933 1517 draco,
1995 1457 2184 1518 quem
2240 1457 2318 1499 ex
2374 1439 2706 1499 consuetu·
2744 1448 2775 1495 2

331 1564 382 1603 10
413 1540 558 1604 dine
604 1563 796 1605 manu
835 1562 949 1604 sua
986 1540 1315 1605 cibaturus
1354 1562 1497 1605 cum
1536 1546 1989 1626 consumptum
2028 1565 2065 1605 a
2100 1542 2385 1608 formicis
2431 1542 2705 1606 inuenis-

411 1650 533 1731 set,
588 1647 872 1712 monitus
928 1651 1024 1711 est
1077 1652 1153 1711 ut
1207 1648 1342 1711 uim
1397 1649 1834 1713 multitudinis
1891 1653 2161 1713 caueret.
2244 1650 2495 1714 rediens
2551 1671 2703 1735 ergo

410 1756 680 1837 propere
729 1751 1141 1838 Campaniam
1195 1753 1473 1818 Asturae
1529 1756 1596 1818 in
1651 1756 2031 1841 languorem
2078 1756 2331 1840 incidit,
2378 1779 2504 1840 quo
2552 1778 2705 1841 pau-

410 1860 546 1924 lum
590 1859 844 1924 leuatus
892 1859 1181 1925 Cerceios
1228 1862 1568 1945 pertendit.
1652 1884 1726 1926 ac
1771 1884 1851 1926 ne
1899 1885 2091 1945 quam
2138 1863 2566 1946 suspicionem
2614 1863 2706 1926 in-

410 1967 736 2031 firmitatis
797 1968 1001 2052 daret,
1059 1968 1489 2034 castrensibus
1544 1969 1714 2033 ludis
1764 1992 1894 2033 non
1942 1973 2195 2033 tantum
2241 1969 2552 2053 interfuit,
2599 1970 2708 2033 sed

334 2097 382 2136 15
413 2074 607 2138 etiam
645 2074 910 2138 missum
947 2075 1014 2138 in
1052 2073 1357 2139 harenam
1396 2098 1623 2160 aprum
1660 2075 1887 2139 iaculis
1918 2075 2190 2159 desuper
2225 2076 2415 2160 petit3
2462 2076 2705 2140 statim-

413 2203 556 2263 que·
581 2182 780 2245 latere
829 2183 1138 2246 conuulso
1188 2187 1278 2265 et,
1334 2187 1408 2247 ut
1455 2186 1884 2267 exaestuarat,
1940 2183 2197 2247 afflatus
2254 2205 2407 2246 aura
2452 2182 2518 2245 in
2566 2203 2705 2267 gra-

411 2287 656 2359 uiorem
704 2287 932 2352 recidit
968 2288 1284 2353 morbum.
1361 2289 1748 2353 sustentauit
1785 2294 2000 2353 tamen
2038 2288 2452 2374 aliquamdiu,
2490 2312 2705 2372 quam·
2743 2300 2775 2348 3

409 2394 509 2458 uis
546 2393 866 2458 Misenum
905 2417 1106 2478 usque
1146 2397 1448 2460 deuectus
1485 2395 1651 2460 nihil
1689 2419 1766 2461 ex
1807 2386 2029 2461 ordine
2068 2396 2391 2461 cotidiano
2430 2401 2706 2480 praeter-

412 2502 725 2585 mitteret,
778 2523 860 2565 ne
918 2502 1218 2566 conuiuia
1275 2502 1531 2585 quidem
1587 2507 1700 2566 aut
1756 2507 1997 2568 ceteras
2054 2502 2420 2587 uoluptates
2467 2503 2705 2587 partim

318 2632 384 2670 ·20
412 2607 906 2693 intemperantia
934 2658 940 2665 .
968 2610 1204 2693 partim
1271 2609 1797 2675 dissimulatione.
1895 2631 2044 2674 nam
2113 2609 2450 2673 Chariclen
2512 2609 2705 2673 medi-

414 2735 586 2797 cum,
641 2715 812 2797 quod
868 2720 1228 2780 commeatu
1284 2717 1578 2780 afuturus
1638 2738 1673 2780 e
1720 2717 2021 2781 conuiuio
2070 2716 2400 2803 egrediens
2446 2738 2705 2780 manum

415 2820 541 2883 sibi
590 2822 921 2886 osculandi
978 2844 1168 2886 causa
1215 2821 1767 2907 apprehendisset,
1815 2823 2186 2888 existimans
2233 2827 2577 2908 temptatas
2625 2824 2705 2888 ab

414 2948 488 2991 eo
536 2949 752 3012 uenas,
798 2950 1122 2993 remanere
1170 2951 1244 2993 ac
1290 2929 1658 2994 recumbere
1704 2930 1999 2995 hortatus
2047 2935 2144 2994 est
2180 2952 2525 3013 cenamque
2562 2954 2707 3015 pro—

412 3035 626 3099 traxit.
704 3035 829 3099 nec
874 3036 1187 3101 abstinuit
1242 3037 1701 3102 consuetudine
1749 3039 1903 3120 quin
1959 3042 2114 3101 tunc
2160 3060 2414 3120 quoque
2460 3038 2705 3102 instans

322 3163 386 3203 ,25
414 3143 482 3205 in
528 3143 738 3207 medio
786 3143 1068 3229 triclinio
1117 3148 1366 3208 astante
1412 3144 1639 3208 lictore
1688 3144 1977 3229 singulos
2025 3143 2238 3207 ualere
2287 3142 2555 3208 dicentis
2601 3167 2707 3227 ap-

411 3250 697 3332 pellaret.
782 3250 1041 3314 interim
1097 3272 1242 3315 cum
1299 3248 1366 3314 in
1425 3252 1583 3314 actis
1640 3256 1900 3314 senatus
1964 3250 2227 3335 legisset
2284 3251 2579 3316 dimissos
2634 3273 2706 3315 ac
2720 3250 2758 3316 7
2768 3250 2809 3316 3

412 3378 494 3427 ne
541 3356 794 3422 auditos
843 3357 1099 3440 quidem
1138 3358 1450 3440 quosdam
1497 3379 1659 3443 reos,
1707 3358 1783 3421 de
1831 3357 2065 3440 quibus
2113 3357 2388 3446 strictim
2435 3362 2500 3422 et
2543 3357 2708 3422 nihil

403 3462 588 3553 ‘aliud
635 3465 827 3548 quani
872 3464 1238 3529 nominatos
1287 3465 1367 3529 ab
1414 3465 1624 3531 indice
1663 3465 2023 3548 scripserat,
2051 3465 2187 3548 'pro
2227 3469 2593 3548 contempto
2640 3486 2707 3529 se

411 3570 708 3635 habitum
763 3571 1040 3635 fremens
1104 3576 1389 3656 repetere
1448 3570 1724 3655 Capreas
1781 3594 2040 3654 quoquo
2097 3572 2288 3636 modo
2345 3572 2707 3655 destinauit,

335 3697 389 3736 30
415 3699 551 3742 non>
592 3682 831 3743 temere
888 3680 1231 3763 quicquam
1278 3670 1414 3742 >nisi
1471 3700 1550 3742 ex
1580 3681 1737 3742 tuto
1786 3663 2075 3741 ausurus.
2160 3679 2270 3742 sed
2315 3680 2707 3763 tempestati-

413 3783 534 3848 bus
589 3787 656 3847 'et
710 3786 1195 3871 ingrauescente
1250 3785 1317 3848 ui
1373 3785 1585 3872 morbi
1641 3788 1930 3848 retentus
1985 3785 2179 3870 paulo
2235 3789 2384 3870 post
2409 3785 2595 3850 obiit
2640 3785 2706 3849 in

415 3890 573 3953 uilla
627 3890 978 3956 Lucullana
1035 3895 1264 3956 octauo
1323 3895 1387 3954 et
1442 3893 1914 3976 septuagesimo
1973 3892 2222 3954 aetatis,
2254 3914 2449 3975 anno,
2513 3893 2705 3957 tertio

559 4063 623 4110 31
649 4075 767 4125 sqq.
793 4058 1026 4127 Eutrop.
1050 4060 1318 4124 VH11,3
1346 4058 1513 4111 tertio
1536 4060 1592 4111 et
1614 4058 1885 4111 uicesimo
1906 4057 2128 4126 imperii
2159 4074 2322 4125 ann0‚
2350 4058 2555 4112 aetatis
2585 4074 2708 4127 sep-

560 4206 589 4253 2
629 4199 811 4277 uoluit
838 4202 901 4252 H
908 4242 920 4264 ‚
967 4200 1214 4253 uetuerit
1243 4202 1478 4273 Bentley
1657 4207 1688 4253 5
1729 4203 1814 4254 est
1851 4201 1951 4254 del.
1986 4201 2131 4254 Roth
2254 4266 2260 4272 ἢ
2311 4205 2341 4252 8
2379 4201 2623 4275 primum
2653 4204 2708 4257 R

404 4287 446 4357 ῐ9
487 4281 540 4335 ei
569 4297 668 4334 om.
702 4281 777 4334 M
883 4285 946 4332 12
984 4279 1042 4331 in
1074 4277 1265 4348 Camp.
1297 4280 1604 4354 Stephanus
1713 4281 1905 4334 statim
1928 4288 2056 4347 post
2083 4281 2322 4335 Asturae
2355 4281 2480 4336 add.
2513 4283 2711 4341 POST

417 4367 481 4413 13
522 4359 755 4413 circeios
794 4361 935 4429 (0511·-
957 4361 1028 4427 L)
1063 4360 1227 4429 GXQ
1260 4360 1349 4428 (cf.
1381 4366 1526 4430 Auy.
1558 4363 1647 4430 16)
1798 4366 1862 4413 15
1900 4360 2070 4429 petiit
2112 4364 2159 4413 Y
2302 4366 2366 4445 19
2404 4362 2706 4433 parintem-

414 4468 675 4537 perantia
706 4470 779 4520 Μ
784 4468 817 4532 ¹,
863 4441 1399 4536 parintirffperantia
1436 4469 1552 4537 (sic)
1583 4467 1679 4521 Μ’
1811 4473 1878 4520 25
1918 4467 2154 4536 singulis
2187 4466 2330 4521 MX‘
2469 4468 2705 4522 dicentis

417 4550 492 4602 M
497 4547 723 4613 VL¹P¹,
764 4547 1014 4600 dicentes
1045 4549 1146 4616 (·te
1172 4547 1247 4614 T)
1276 4548 1370 4600 rel.
1402 4553 1452 4600 et
1471 4546 1628 4601 L⁸P²
1738 4552 1806 4599 30
1845 4547 1942 4600 sed
1983 4550 2040 4600 et
2060 4565 2092 4607 ς
2130 4548 2228 4616 (ed.
2253 4548 2410 4601 Rom.
2431 4549 2514 4613 ΙΙ,
2535 4550 2705 4619 uuly.)
