3325 5209
1224 410 1558 465 TIBERIVS
1599 423 1730 472 [cnr.
1764 424 1937 472 73—76]
2603 412 2724 476 161

435 573 814 658 differretur,
861 573 1027 637 forte
1074 574 1307 638 accidit
1353 578 1428 638 ut
1474 575 1873 657 quorundam
1923 575 2224 661 supplicii
2266 575 2401 639 dies
2441 575 2495 640 is
2544 578 2731 655 esset,

434 701 560 764 quo
626 681 993 744 nuntiatum
1059 680 1134 744 de
1189 680 1447 745 Tiberio
1504 685 1655 745 erat.
1749 682 1868 746 hos
1923 681 2329 765 implorantis
2393 681 2731 746 hominum

430 785 644 868 fidem,
692 787 842 868 quia
888 786 1152 850 absente
1199 786 1408 851 adhuc
1455 785 1612 852 Gaio
1661 809 1851 852 nemo
1891 789 2150 851 extabat
2188 788 2299 872 qui
2336 788 2497 853 adiri
2536 788 2731 852 inter-

431 892 786 976 pellarique
834 896 1068 975 posset,
1116 893 1440 977 custodes,
1486 916 1566 957 ne
1615 895 1771 977 quid
1818 893 2122 958 aduersus
2172 895 2595 959 constitutum
2640 894 2732 958 fa-

377 1023 404 1062 5
436 1003 676 1083 cei-ent,
742 999 1311 1084 strangulauerunt
1374 1001 1873 1085 abieceruntque
1938 1001 2007 1064 in
2074 998 2433 1065 Gemonias.
2523 1000 2728 1064 creuit
2765 1018 2797 1066 3

432 1104 634 1189 igitur
679 1105 942 1190 inuidia,
989 1107 1175 1190 quasi
1209 1107 1407 1171 etiam
1454 1109 1605 1192 post
1650 1111 1924 1172 mortem
1972 1109 2231 1191 tyranni
2276 1107 2547 1172 saeuitia
2591 1129 2731 1190 per-

432 1217 745 1277 manente.
831 1235 1064 1296 corpus
1111 1217 1184 1278 ut
1230 1215 1479 1278 moueri
1524 1237 1562 1279 a
1607 1213 1857 1278 Miseno
1898 1215 2126 1297 coepit,
2175 1213 2730 1280 conclamantibus

431 1319 756 1403 plerisque
812 1318 1094 1384 Atellam
1152 1321 1371 1404 potius
1420 1320 1830 1385 deferendum
1879 1325 1943 1384 et
1988 1321 2054 1384 in
2102 1321 2579 1406 amphitheatro
2637 1342 2731 1385 se-

432 1425 941 1509 miustilandum,
986 1424 1261 1491 Romam
1306 1450 1422 1510 per
1468 1429 1707 1492 milites
1757 1428 2161 1511 deportatum
2209 1432 2305 1492 est
2351 1432 2731 1492 crematum-

350 1557 405 1597 10
433 1553 557 1614 que
602 1532 863 1615 publico
909 1532 1148 1598 funere.

610 1638 1092 1703 Testamentum
1141 1639 1377 1723 duplex
1413 1643 1563 1704 ante
1603 1641 1934 1705 biennium
1972 1640 2227 1725 fecerat,
2274 1643 2547 1706 alterum
2595 1638 2835 1722 sua,76

433 1743 709 1809 alterum
735 1745 955 1809 liberti
974 1767 1185 1830 manu,
1206 1746 1317 1809 sed
1345 1746 1570 1810 eodem
1591 1748 1903 1831 exemplo,
1926 1747 2505 1833 obsignaueratque
2535 1746 2732 1811 etiam

432 1851 946 1915 humillimorum
994 1853 1210 1938 signis,
1305 1875 1379 1917 eo
1426 1857 1813 1918 testamento
1860 1852 2123 1918 heredes
2170 1855 2388 1937 aequis
2435 1853 2731 1936 partibus

433 1956 695 2039 reliquit
745 1956 976 2021 Gaium
1023 1980 1102 2022 ex
1150 1957 1528 2024 Germanico
1589 1964 1653 2025 et
1700 1959 2030 2024 Tiberium
2080 1981 2156 2022 ex
2201 1959 2415 2025 Druso
2463 1963 2731 2044 nepotes

351 2088 405 2128 ιε
436 2062 899 2146 substituitque
947 2065 1015 2128 in
1071 2064 1304 2150 uicem3
1362 2067 1539 2131 dedit
1586 2071 1650 2130 et
1695 2067 1910 2153 legata
1947 2066 2296 2151 plerisque,
2351 2067 2521 2130 inter
2566 2086 2730 2149 quos

431 2169 794 2255 uirginibus
850 2167 1250 2253 Vestalibus,
1315 2173 1427 2235 sed
1491 2174 1555 2235 et
1619 2172 1939 2237 militibus
2004 2171 2323 2237 uniuersis
2387 2170 2730 2255 plebeique

430 2273 758 2340 Romanae
805 2276 1050 2340 uiritim
1100 2281 1294 2361 atque
1340 2278 1534 2343 etiam
1583 2279 1927 2362 separatim
1974 2279 2265 2342 uicorum
2308 2277 2656 2362 magistris.

575 2475 606 2522 ὃ
645 2469 1188 2540 stranguillauerunt
1218 2472 1294 2524 M
1294 2470 1414 2540 QR,
1449 2468 1768 2540 transgula-
1798 2471 1841 2525 S
1967 2477 2030 2522 11
2073 2471 2313 2524 alterum
2353 2487 2454 2524 sua
2492 2487 2593 2525 om.
2617 2469 2735 2524 GV

435 2553 499 2605 12
538 2549 766 2603 liberati
796 2552 882 2616 M,
921 2550 1174 2604 libertini
1209 2551 1258 2603 T

573 2631 773 2685 subscr.
830 2630 1066 2683 tiberius
1113 2630 1256 2683 liber
1291 2630 1383 2682 III.
1425 2629 1671 2699 explicit.
1719 2630 1923 2700 incipit
1968 2631 2217 2702 caligula
2253 2630 2398 2683 liber
2441 2629 2560 2683 1111.
2598 2628 2728 2683 feli-

432 2708 574 2762 citer
595 2710 727 2763 MV
749 2715 799 2764 et
824 2711 942 2763 sim.
963 2712 1010 2762 Y
1035 2709 1296 2777 (feliciter
1313 2727 1414 2763 om.
1429 2711 1498 2780 R,
1539 2709 1702 2778 gaius
1724 2709 1973 2781 caligula
1997 2712 2055 2782 Q,
2086 2729 2139 2780 g.
2166 2728 2270 2779 pro
2290 2709 2542 2778 caligula
2564 2711 2647 2779 H)

432 2805 479 2841 c.
529 2789 770 2842 suetonii
817 2792 998 2856 tranq.
1040 2789 1110 2842 de
1163 2790 1285 2842 uita
1330 2806 1584 2861 cesarum
1636 2790 1873 2844 tiberius
1922 2791 2068 2845 liber
2114 2791 2205 2845 ΠΙ.
2256 2790 2456 2859 explic.
2507 2788 2728 2858 incipit.

434 2868 684 2938 caligula
719 2868 865 2921 liber
900 2869 1016 2921 IIII.
1056 2868 1206 2922 felic.
1242 2870 1292 2922 G
1436 2869 1670 2938 explicit
1715 2870 1812 2925 lib.
1852 2872 2075 2925 tercius
2115 2870 2319 2939 incipit
2367 2871 2437 2924 de
2484 2868 2734 2939 caligulo

431 2947 531 3002 lib.
561 2947 678 3001 IIII.
719 2949 771 3001 L
809 2950 1012 3022 ‹tt-sim.
1042 2949 1140 3002 ST
1277 2949 1512 3002 tiberius
1549 2950 1647 3004 lib.
1688 2951 1890 3004 tertius
1930 2951 2159 3020 explicit
2192 2954 2247 3005 P

438 4644 714 4685 Suromvs
744 4646 816 4686 ed.
849 4647 984 4687 Ihm.
1039 4647 1076 4685 I.
2247 4643 2308 4689 11
