3325 5209
542 393 674 456 214
1238 394 1293 447 C.
1335 394 1648 448 SVETONI
1686 394 2132 459 TRANQVILLI

542 555 770 619 simam
816 560 1056 620 turrem
1107 558 1175 619 in
1211 559 1568 641 exemplum
1611 556 2033 622 Alexandrini
2078 558 2292 641 Phari,
2337 562 2410 621 ut
2456 558 2536 621 ad
2582 562 2836 622 noctur-

539 684 657 726 nos
705 664 886 748 ignes
932 685 1189 728 cursum
1237 664 1516 748 nauigia.¹
1542 664 1905 749 dirigerent.

432 766 516 832 21
720 767 1065 854 Congiaria
1122 769 1364 852 populo
1427 771 1681 854 saepius
1741 771 2088 835 distribuit.
2174 771 2534 854 spectacula
2581 794 2835 855 quoque

538 874 870 958 complura
926 879 989 938 et
1045 876 1389 962 magnifica
1446 877 1675 961 edidit,
1739 899 1870 941 non
1935 878 2175 942 usitata
2239 879 2431 941 modo
2488 900 2560 942 ac
2626 878 2835 942 solitis

536 980 714 1064 lociS,
772 981 883 1045 sed
938 986 1002 1045 et
1058 983 1507 1046 commenticia
1561 987 1625 1047 et
1681 1005 1758 1047 ex
1815 984 2199 1067 antiquitate
2256 984 2554 1069 repetita,
2611 989 2676 1048 et
2721 985 2833 1048 ubi
2889 1010 2914 1050 5

536 1093 863 1173 praeterea
907 1110 1096 1152 nemo
1136 1093 1284 1153 ante
1323 1111 1483 1153 eum.
1551 1089 1739 1152 ludos
1780 1089 2200 1153 dedicationis
2238 1090 2615 1175 Pompeiani
2654 1090 2826 1155 thea-

537 1195 650 1279 tri,
707 1196 880 1280 quod
925 1196 1296 1259 ambustum
1343 1197 1742 1282 restituerat,
1797 1218 1830 1260 e
1877 1196 2188 1260 tribunali
2239 1198 2448 1281 posito
2497 1197 2565 1261 in
2613 1198 2830 1262 orche-

539 1306 672 1366 stra
719 1302 1061 1386 commisit,
1110 1324 1252 1366 cum
1302 1304 1484 1386 prius
1532 1304 1703 1387 apud
1751 1304 2112 1387 superiores
2170 1305 2355 1368 aedes
2411 1305 2834 1388 supplicasset

535 1430 775 1492 perque
856 1409 1135 1472 mediam
1218 1430 1477 1474 caueam
1560 1410 1929 1474 sedentibus
2004 1432 2076 1474 ac
2162 1409 2502 1474 silentibus
2587 1411 2832 1475 cunctis

465 1531 497 1578 2
539 1515 982 1579 descendisset.
1078 1516 1232 1580 fecit
1301 1520 1364 1579 et
1424 1516 1804 1601 saeculareS,
1867 1521 2050 1601 quasi
2110 1518 2495 1601 anticipatos
2570 1519 2648 1582 ab
2705 1518 2833 1581 Au·
2866 1543 2915 1582 ιο

538 1627 732 1708 gusto
780 1644 898 1686 nec
942 1622 1237 1708 legitimo
1276 1625 1553 1707 tempori
1592 1628 1973 1709 reseruatOS,
2022 1625 2318 1709 quamuis
2357 1624 2494 1708 ipse
2533 1626 2599 1687 in
2635 1625 2835 1688 histo-

536 1729 650 1792 riis
707 1730 842 1792 suis
888 1729 1145 1813 prodat,
1203 1730 1606 1794 intermissos
1663 1752 1773 1794 eos
1819 1730 2190 1818 Augustum
2238 1730 2443 1795 multo
2500 1736 2649 1815 post
2698 1732 2835 1796 dili-

537 1836 916 1922 gentissime
973 1859 1288 1900 annorum
1344 1837 1593 1901 ratione
1649 1838 1963 1901 subducta
2024 1838 2089 1900 in
2149 1838 2438 1902 ordinem
2496 1839 2832 1924 redegisse.

545 1964 743 2025 quare
772 1964 899 2006 uox
919 1944 1252 2027 praeconis
1282 1944 1472 2007 irrisa
1493 1949 1590 2008 est
1619 1945 1958 2008 inuitantis
1989 1966 2167 2008 more
2199 1944 2496 2009 sollemni
2525 1945 2604 2009 ad
2631 1945 2836 2029 ludos,

539 2070 727 2131 quos
775 2071 910 2113 nec
956 2054 1383 2135 spectasset
1430 2051 1835 2135 quisquam
1881 2073 2018 2115 nec
2066 2055 2557 2135 spectaturus
2606 2056 2835 2136 esset,
2866 2076 2913 2113 15

538 2177 685 2219 cum
732 2162 1141 2240 superessent
1187 2157 1394 2220 adhuc
1442 2158 1552 2241 qui
1612 2162 2086 2242 spectauerant,
2142 2163 2206 2221 et
2261 2159 2522 2241 quidam
2577 2159 2834 2222 histrio-

536 2285 692 2326 num
756 2265 1056 2348 producti
1122 2264 1277 2327 olim
1342 2269 1497 2328 tunc
1573 2286 1829 2347 quoque
1901 2265 2418 2348 producerentur.
2523 2265 2834 2329 circenses

537 2369 906 2452 frequenter
961 2371 1154 2435 etiam
1212 2371 1276 2433 in
1326 2371 1640 2434 Vaticano
1699 2371 2049 2454 commisit,
2103 2393 2587 2456 nonnumquam
2645 2372 2834 2435 inter-

467 2491 498 2537 3
537 2475 701 2540 iecta
746 2499 861 2559 per
907 2478 1138 2560 quinos
1186 2478 1421 2540 missus
1476 2479 1835 2541 uenatione.
1917 2478 2087 2544 circo
2134 2500 2287 2541 uero
2346 2479 2624 2542 maximo
2673 2502 2834 2542 mar—

536 2583 773 2645 moreis
833 2583 1195 2649 carceribus
1252 2584 1621 2669 auratisque
1676 2585 1893 2669 metis,
1960 2607 2121 2669 quae
2182 2590 2452 2670 utraque
2513 2590 2575 2649 et
2635 2586 2835 2649 tofina
2853 2610 2904 2647 20

538 2710 612 2750 ac
656 2688 874 2774 lignea
919 2694 1106 2754 antea
1144 2690 1416 2773 fuerant,
1463 2690 1718 2754 exculto
1757 2692 2018 2775 propria
2055 2692 2459 2755 senatoribus
2499 2693 2835 2756 constituit

533 2793 676 2857 loca
731 2796 1096 2879 promiscue
1153 2801 1440 2880 spectare
1497 2797 1736 2881 solitis3
1805 2819 1877 2861 ac
1943 2820 2135 2881 super
2191 2799 2650 2885 quadrigarum
2706 2821 2833 2862 cer-

540 2901 784 2965 tamina
832 2902 1061 2967 Troiae
1106 2903 1321 2967 lusum
1370 2904 1664 2967 exhibuit
1704 2897 2163 2988 et‘AfricanaS,
2210 2905 2584 2970 conficiente
2621 2910 2832 2969 turma

539 3009 833 3090 equitum
879 3011 1463 3094 praetorianorum,
1519 3011 1789 3075 ducibus
1842 3012 2121 3075 tribunis
2168 3014 2437 3096 ipsoque
2482 3012 2833 3097 praefect03

533 3120 862 3198 praeterea
908 3116 1249 3182 Thessalos
1298 3118 1571 3201 equiteS,
1621 3118 1731 3200 qui
1780 3118 1950 3181 feros
1998 3121 2218 3181 tauros
2265 3141 2381 3202 per
2426 3120 2634 3202 spatia
2681 3120 2827 3182 circi
2862 3142 2910 3180 25

535 3226 739 3308 agunt
787 3223 1208 3307 insiliuntque
1258 3223 1542 3288 defessos
1600 3228 1663 3286 et
1711 3224 1792 3287 ad
1837 3227 2075 3287 terram
2124 3225 2424 3289 cornibus
2474 3226 2830 3290 detrahunt.

471 3344 503 3390 4
721 3328 1113 3393 Gladiatoria
1169 3352 1434 3394 munera
1489 3330 1894 3414 plurifariam
1953 3354 2026 3397 ac
2073 3331 2458 3416 multiplicia
2514 3333 2831 3398 exhibuit:

536 3437 1045 3500 anniuersarium
1103 3439 1170 3501 in
1228 3438 1455 3501 castris
1512 3438 1939 3520 praetorianis
1999 3439 2136 3502 sine
2183 3440 2523 3503 uenatione
2571 3462 2831 3523 appara-

534 3545 759 3626 tuque,
834 3545 1073 3607 iustum
1152 3548 1343 3626 atque
1408 3544 1768 3629 legitimum
1839 3547 1905 3608 in
1974 3543 2252 3631 Saeptis;
2326 3547 2565 3610 ibidem
2630 3551 2831 3610 extra-

535 3649 925 3713 ordinarium
975 3654 1038 3713 et
1083 3650 1278 3714 breue
1328 3651 1700 3733 dierumque
1746 3673 2116 3736 paucorum,
2165 3654 2463 3736 quodque
2511 3653 2831 3737 appellare
2859 3675 2912 3714 ³0

714 3821 777 3868 10
815 3817 883 3881 cf.
918 3817 1099 3870 Victor
1131 3818 1277 3871 Caes.
1300 3822 1350 3882 4,
1369 3821 1435 3869 14
1465 3817 1629 3869 huius
1661 3833 1807 3870 anno
1839 3821 1993 3871 sexto
2026 3861 2037 3872 .
2062 3862 2107 3873 ..
2140 3820 2638 3889 octingentesimus
2668 3821 2823 3873 urbis

531 3896 669 3947 mire
708 3895 1039 3949 celebratus,

675 4046 702 4092 1
743 4041 941 4093 turrim
966 4040 1127 4110 GHQ
1235 4040 1649 4093 Alexandrinae
1680 4041 2006 4107 Beroaldus,
2034 4043 2161 4108 fort.
2191 4049 2325 4095 ¹recte
2439 4049 2468 4094 2
2500 4061 2576 4096 an
2609 4043 2831 4112 dmg-:2

533 4124 563 4170 3
606 4120 833 4173 diremit
866 4121 917 4175 G
1035 4125 1066 4172 8
1106 4120 1280 4191 apud]
1321 4120 1394 4172 ad
1427 4121 1478 4174 G
1591 4126 1653 4172 12
1693 4121 1898 4189 prodat
1934 4138 2034 4174 om.
2070 4121 2120 4174 G·
2232 4128 2295 4174 15
2338 4125 2616 4190 spectasse
2650 4126 2725 4177 M

529 4200 1088 4268 quisquam-esset
1125 4218 1223 4254 om.
1259 4201 1309 4254 G-
1478 4206 1541 4253 19
1584 4201 1652 4253 de
1683 4207 1810 4268 post
1846 4202 2088 4254 maximo
2129 4203 2255 4255 add.
2291 4202 2343 4256 G
2523 4209 2590 4275 20
2631 4206 2688 4256 et
2725 4205 2825 4258 del.

535 4280 772 4350 Madvig]
809 4283 929 4349 (om.
961 4281 1080 4348 ςὲ),
1125 4282 1252 4346 fort.
1282 4288 1416 4335 recte
1652 4286 1716 4332 21
1760 4282 1848 4351 ac]
1897 4283 1953 4333 et
1988 4283 2037 4334 Τ
2066 4282 2329 4350 (adignea
2362 4283 2453 4334 M¹
2484 4291 2545 4336 ut
2583 4284 2721 4351 uid.)

531 4363 665 4413 ante
698 4362 763 4427 ea
784 4362 871 4426 M,
902 4364 1031 4414 ante
1071 4361 1175 4430 ΩΤ
1366 4367 1432 4413 23
1464 4360 1735 4414 exhibuit.
1775 4360 2045 4413 Exhibuit
2092 4364 2150 4415 et
2184 4366 2230 4414 Τ
2426 4370 2492 4415 27
2534 4363 2832 4431 plurifaria

532 4439 782 4510 (-pharia
817 4440 885 4510 S)
919 4441 1149 4510 MXHQ
1179 4444 1295 4512 (Ω),
1345 4441 1657 4494 multifaria
1703 4440 1777 4506 G,
1828 4449 1961 4494 recte
1993 4443 2090 4500 Rq
2290 4448 2356 4495 30
2405 4443 2710 4511 quodquod
2750 4446 2834 4511 M,

529 4522 811 4588 quotquot
843 4520 910 4588 G,
955 4522 1102 4587 quod
1133 4523 1401 4576 viicheler
1545 4519 1822 4589 appellari
1844 4552 1912 4559 —
1933 4521 2184 4590 sportula
2217 4524 2444 4590 Lipsius
