3325 5209
1129 382 1344 436 DIVVS
1381 381 1764 436 AVGVSTVS
1804 394 1935 443 [cAP.
1967 395 2142 443 10—13]
2670 385 2755 447 55

460 545 732 628 0001303,
795 551 870 609 ut
932 545 1219 609 Antonio
1286 546 1538 631 fugato,
1603 567 1672 609 re
1736 570 1797 630 p.
1854 546 2224 611 consulibus
2291 546 2517 611 orbata
2581 547 2755 611 solus

459 651 738 716 uictores
797 651 1112 716 exercitus
1178 655 1535 736 occuparet.
1628 651 1875 716 Pansae
1932 653 2189 737 quidem
2245 653 2402 717 adeo
2459 656 2757 736 suspecta

458 780 632 822 mors
668 758 815 841 fuit,
854 762 926 822 ut
956 756 1158 841 Glyco
1199 758 1481 822 medicus
1521 759 1880 822 custoditus
1920 760 2022 842 sit,
2061 759 2240 842 quasi
2270 781 2590 824 uenenum
2618 760 2754 823 uul-

455 865 598 928 neri
660 864 1010 929 indidisset.
1114 864 1308 928 adicit
1371 864 1474 929 his
1538 864 1841 948 Aquilius
1904 864 2111 952 Niger
2174 866 2447 930 alterum
2513 887 2547 929 e
2610 887 2755 929 con-

402 995 434 1036 s
460 972 708 1036 sulibus
772 971 1060 1035 Hirtium
1128 973 1195 1036 in
1259 992 1513 1057 pugnae
1575 971 1862 1035 tumultu
1927 972 2007 1035 ab
2074 973 2213 1056 ipso
2280 972 2753 1056 interemptum.

459 1078 570 1142 sed
614 1082 689 1141 ut
736 1080 1042 1164 cognouit
1082 1077 1440 1143 Antonium
1479 1082 1630 1162 post
1671 1078 1896 1164 fugam
1944 1102 1981 1142 a
2017 1079 2102 1143 M.
2139 1078 2384 1161 Lepido
2423 1083 2751 1162 receptum
2774 1075 2859 1142 12

458 1189 833 1267 ceterosque
880 1185 1070 1249 duces
1117 1188 1180 1248 et
1227 1186 1541 1250 exercitus
1582 1186 1943 1250 consentire
1981 1208 2099 1269 pro
2139 1184 2451 1269 partibus,
2498 1207 2754 1249 causam

459 1291 867 1375 optimatium
917 1291 1053 1354 sine
1100 1290 1509 1354 cunctatione
1557 1290 1854 1376 deseruit,
1901 1290 1982 1353 ad
2026 1294 2430 1374 praetextum
2468 1294 2754 1354 mutatae

457 1397 813 1462 uoluntatis
869 1397 1041 1461 dicta
1097 1397 1394 1480 factaque
1452 1398 1853 1479 quorundam
1904 1398 2359 1479 calumniatus,
2415 1397 2596 1480 quasi
2644 1397 2754 1460 alii

373 1530 428 1568 ιο
457 1526 526 1569 30
572 1526 860 1588 puerum,
907 1504 1017 1567 alii
1052 1502 1223 1586 (Cic.
1263 1505 1434 1584 epist.
1478 1503 1592 1566 XI
1623 1509 1729 1587 20,
1757 1509 1837 1582 1>
1880 1504 2235 1570 ornandum
2272 1503 2755 1587 tollendumque

458 1610 822 1692 iactassent,
867 1632 948 1673 110
997 1612 1107 1672 aut
1157 1609 1280 1672 sibi
1332 1613 1441 1673 aut
1487 1610 1810 1674 ueteranis
1857 1634 1974 1694 par
2009 1612 2219 1697 gratia
2256 1611 2614 1675 referretur.
2692 1614 2756 1674 et

460 1737 587 1799 quo
645 1716 853 1801 magis
906 1714 1366 1798 paenitentiam
1421 1717 1657 1798 prioris
1716 1720 1920 1780 sectae
1978 1716 2379 1800 approbaret,
2433 1715 2754 1781 Nursinos

418 1804 421 1807 ⁴
455 1821 685 1906 grandi
729 1822 998 1904 pecunia
1045 1825 1109 1885 et
1156 1844 1348 1905 quam
1403 1823 1677 1905 pendere
1724 1823 2068 1905 nequirent
2112 1823 2420 1887 multatos
2470 1828 2754 1888 extorres

459 1928 699 2011 oppido
757 1930 914 2014 egit,
972 1928 1146 2011 quod
1201 1927 1554 1992 Mutinensi
1609 1929 1745 1992 acie
1790 1930 2324 2012 interemptorum
2371 1931 2609 1994 ciuium
2657 1934 2756 1994 tu-

371 2057 427 2099 15
458 2034 634 2098 mulo
672 2034 927 2118 publice
966 2038 1258 2099 extructo
1290 2037 1716 2120 ascripserant
1752 2057 1870 2120 pro
1898 2035 2195 2101 libertate
2225 2059 2332 2101 eos
2365 2037 2754 2101 occubuisse.

2825 1703 2886 1756 J

635 2139 806 2205 Inita
854 2162 999 2205 cum
1046 2140 1333 2205 Antonio
1383 2145 1446 2205 et
1494 2142 1737 2225 Lepido
1788 2144 2092 2207 societate
2139 2142 2552 2227 Philippense
2600 2141 2858 2227 quo-13

458 2269 582 2330 que
628 2247 896 2333 bellum,
955 2271 1341 2331 quamquam
1399 2248 1720 2312 inualidus
1778 2253 1970 2333 atque
2017 2272 2229 2336 aeger,
2287 2250 2526 2334 duplici
2572 2271 2753 2333 proe-

455 2353 545 2418 lio
606 2356 949 2439 transegit,
1015 2377 1288 2438 quorum
1348 2356 1562 2439 priore
1622 2358 1847 2419 castris
1910 2361 2139 2420 exutus
2200 2358 2310 2420 uix
2371 2357 2449 2419 ad
2507 2356 2754 2420 Antoni

455 2482 655 2524 cornu
700 2460 856 2547 fuga
904 2466 1211 2525 euaserat.
1296 2483 1414 2525 nec
1460 2484 1826 2526 successum
1873 2464 2183 2527 uictoriae
2229 2464 2593 2528 moderatus
2641 2467 2755 2546 est,

369 2593 427 2632 20
457 2567 569 2630 sed
615 2570 824 2650 capite
870 2568 1063 2632 Bruti
1106 2568 1382 2633 Romam
1430 2570 1649 2652 1111330,
1698 2574 1770 2633 ut
1818 2574 2065 2633 statuae
2106 2568 2391 2634 Caesaris
2440 2570 2755 2634 subicere-

454 2678 589 2757 tur,
652 2675 721 2738 in
786 2675 1371 2759 splendidissimum
1440 2699 1758 2759 quemque
1824 2679 2153 2761 captiuum
2219 2700 2351 2741 non
2416 2678 2553 2742 sine
2618 2699 2753 2740 uer-

453 2780 685 2845 borum
734 2783 1122 2846 contumelia
1170 2783 1425 2868 saeuiit3
1474 2788 1545 2846 ut
1592 2783 1849 2866 quidem
1895 2786 2009 2847 uni
2057 2785 2430 2869 suppliciter
2475 2784 2755 2867 sepultu-

453 2910 591 2950 ram
629 2890 917 2971 precanti
956 2890 1362 2974 respondisse
1402 2890 1637 2954 dicitur
1676 2892 1821 2954 iam
1868 2892 2094 2954 istam
2141 2892 2534 2955 uolucrum
2580 2892 2612 2954 f
2627 2913 2753 2955 ore

451 2997 948 3080 potestatem,
997 2997 1174 3079 alios,
1212 3000 1460 3079 patrem
1501 3000 1565 3061 et
1603 2996 1829 3081 filium,
1875 3020 1994 3081 pro
2033 2998 2170 3061 uita
2207 3000 2494 3082 rogantis
2534 2999 2753 3062 sortiri

370 3124 425 3163 25
455 3101 561 3164 uel
625 3101 862 3166 micare
925 3103 1214 3186 iussisse,
1278 3107 1352 3166 ut
1411 3104 1706 3167 alterutri
1764 3105 2241 3188 concederetur,
2298 3128 2371 3169 ac
2433 3108 2754 3187 spectasse

454 3212 801 3292 utrumque
860 3210 1267 3291 morientem,
1330 3232 1475 3274 cum
1536 3214 1745 3293 patre,
1806 3212 1957 3293 quia
2004 3234 2070 3275 se
2129 3211 2477 3296 optulerat,
2540 3212 2751 3275 occiso

452 3312 627 3377 filius
687 3336 943 3397 quoque
1006 3315 1438 3379 uoluntariam
1505 3316 1909 3381 occubuisset
1962 3339 2200 3381 necem.
2293 3339 2488 3401 quare
2545 3319 2753 3401 ceteri,

453 3419 521 3483 in
576 3419 679 3483 his
736 3420 818 3485 M.
857 3421 1182 3485 Fauonius
1239 3422 1348 3486 ille
1397 3420 1656 3487 Catonis
1715 3426 2028 3507 aemulus,
2086 3446 2232 3488 cum
2288 3424 2564 3488 catenati
2609 3446 2753 3507 pro-

456 3526 854 3611 ducerentur,
901 3529 1285 3611 imperatore
1330 3528 1618 3594 Antonio
1666 3529 2019 3595 honorifice
2066 3533 2360 3615 salutato,
2404 3530 2577 3594 hunc
2622 3532 2752 3596 foe-

367 3656 425 3697 311
455 3633 719 3697 dissimo
769 3636 1060 3699 conuicio
1111 3657 1324 3699 coram
1371 3637 1833 3719 prosciderunt.

598 3868 628 3914 2
667 3863 850 3918 uictor
877 3865 944 3931 T,
973 3864 1155 3917 uictor
1173 3866 1287 3917 tres
1309 3881 1342 3923 ς
1363 3866 1451 3933 (cf.
1474 3866 1734 3934 Eutrop.)
1855 3866 2116 3933 equidem
2137 3870 2203 3933 X,
2234 3884 2456 3935 quoque
2476 3871 2539 3920 H
2554 3870 2752 3935 (pansa

454 3942 715 4014 equidem
744 3950 795 3997 et
821 3951 937 3998 tum
965 3945 1135 3998 adeos
1157 3946 1219 4012 V,
1256 3962 1436 4014 pansa
1466 3946 1729 4012 equidem
1752 3946 1818 4016 Q)
1939 3952 1969 3998 3
1998 3962 2277 3999 uenenum
2306 3965 2405 4002 om.
2439 3948 2490 3999 V
2607 3953 2638 3999 6
2669 3964 2750 4000 re-

453 4024 617 4091 cepto
658 4026 734 4078 M
876 4029 904 4076 7
946 4027 1003 4078 et
1039 4043 1137 4079 om.
1174 4025 1226 4079 G
1369 4025 1639 4093 partibus·
1666 4043 1698 4084 ς
1738 4027 2058 4094 (Ber-eald),
2095 4027 2350 4096 patribus
2389 4028 2572 4096 (fratr-
2605 4029 2677 4097 V)
2700 4030 2751 4079 ,Ω

457 4109 516 4156 11
553 4104 644 4175 110]
675 4121 858 4172 neque
886 4107 1056 4171 Toron,
1085 4121 1188 4157 nec
1208 4108 1440 4176 Bentley
1543 4111 1607 4158 19
1640 4112 1810 4159 cornu
1834 4110 1907 4161 Μ
1910 4106 1996 4159 2V
2033 4105 2036 4106 ⁷
2087 4123 2345 4160 successu
2365 4111 2424 4159 X
2424 4105 2439 4124 '
2535 4112 2602 4160 20
2632 4107 2752 4161 obi-

454 4186 673 4237 ceretur
699 4186 934 4255 Bentley
1044 4191 1107 4237 21
1140 4185 1200 4237 in
1228 4202 1327 4239 om.
1354 4188 1427 4239 M
1432 4186 1565 4241 ¹GX
1567 4184 1647 4254 ¹3,
1688 4188 1814 4241 add.
1841 4188 1914 4240 M
1916 4186 2017 4241 ²P²
2125 4188 2478 4254 captiuorum
2502 4190 2751 4257 Bentley,

452 4270 590 4318 recte
618 4272 758 4333 puto
884 4271 949 4317 22
982 4265 1150 4317 seuiit
1173 4267 1247 4319 Μ
1250 4268 1319 4332 Y,
1358 4266 1567 4336 seuiuit
1599 4268 1675 4333 G,
1716 4283 1813 4320 seu
1847 4268 1905 4333 V,
1945 4268 2125 4321 secuit
2145 4272 2212 4332 X,
2251 4267 2490 4321 extinxit
2518 4270 2554 4321 ὃ
2662 4270 2749 4339 ut]

452 4347 511 4397 et
540 4346 791 4415 Bentley,
829 4346 877 4398 si
905 4347 1178 4399 Iernstedt
1339 4352 1405 4398 23
1443 4347 1798 4415 praedicanti
1838 4349 1913 4401 M
1918 4347 1934 4377 ¹
2101 4347 2309 4401 dicitur
2348 4350 2492 4413 MV,
2530 4349 2752 4401 dicatur

451 4428 546 4480 rel.
576 4431 627 4479 et
652 4427 770 4481 edd.
917 4426 976 4477 in
1007 4432 1135 4494 post
1161 4426 1329 4480 istam
1361 4427 1487 4480 add.
1510 4427 1684 4493 LPS,
1722 4427 1833 4480 ista
1862 4428 1921 4479 in
1950 4429 2183 4499 Bentley
2320 4434 2386 4481 25
2424 4428 2621 4482 micari
2651 4429 2750 4494 ΠΙ,

455 4506 722 4559 dimicare
765 4505 1010 4560 GL²PT
1148 4512 1213 4558 27
1251 4506 1572 4560 uoluntaria
1596 4540 1658 4547 —
1683 4524 1817 4561 11000
1854 4511 1913 4559 Χ
