3325 5209
1066 402 1248 456 DIVV
1249 401 1285 456 S
1324 401 1823 457 VESPASIANVS
1870 413 2002 464 [cAr.
2032 414 2183 464 9-14]
2641 403 2768 467 317

649 565 1024 633 Amicorum
1078 566 1472 649 libertatem,
1534 566 2003 631 causidicorum
2062 566 2302 652 figuras
2357 588 2434 632 ac
2486 567 2876 652 philoso-13

470 673 746 757 phorum
812 674 1283 737 contumaciam
1348 672 1674 737 lenissime
1747 672 1916 737 tulit.
2018 672 2342 736 Licinium
2397 670 2769 737 Mucianum

469 784 661 845 notae
708 780 1166 865 impudicitiae,
1215 780 1324 843 sed
1371 780 1749 844 meritorum
1796 779 2035 843 fiducia
2081 779 2296 842 minus
2344 780 2444 843 sui
2480 800 2770 843 reueren-

471 889 621 970 tem,
674 886 1025 970 numquam
1085 886 1214 950 11161
1270 884 1435 950 clam
1490 890 1554 950 et
1607 885 1920 951 hactenus
1965 890 2262 972 retaxare
2309 885 2642 970 sustinuit,
2695 890 2770 951 ut

418 1023 442 1062 5
473 994 643 1078 apud
712 1015 1116 1060 communem
1186 993 1464 1076 aliquem
1527 994 1805 1057 amicum
1867 1014 2144 1076 querens
2205 993 2464 1057 adderet
2524 992 2769 1057 clausu-

469 1101 625 1164 lam:
672 1122 810 1186 ego
858 1104 1111 1164 tamen
1150 1099 1271 1163 uir
1308 1105 1485 1163 s'um.
1577 1097 1871 1163 Saluium
1901 1098 2265 1163 Liberalem
2303 1101 2373 1163 in
2400 1100 2767 1164 defensione

472 1206 692 1270 diuitis
746 1208 839 1271 rei
896 1229 1122 1271 ausum
1180 1207 1413 1271 dicere:
1472 1206 1651 1288 quid
1708 1205 1799 1268 ad
1846 1204 2270 1289 Caesarem,
2327 1207 2390 1271 si
2440 1205 2767 1290 Hippar-

471 1315 654 1380 chus
702 1313 1149 1379 sestertium
1193 1312 1450 1376 milies
1498 1312 1781 1377 habet?
1838 1317 1902 1376 et
1957 1313 2096 1397 ipse
2142 1313 2448 1378 laudauit.
2541 1312 2767 1377 Deme-

468 1423 664 1486 trium
714 1418 1026 1504 Oynicum
1086 1421 1155 1484 in
1210 1421 1437 1483 itinere
1485 1419 1751 1485 obuium
1802 1419 1927 1484 sibi
1971 1424 2123 1504 post
2170 1420 2645 1484 damnationem
2691 1442 2767 1485 ac

390 1555 442 1594 10
467 1551 675 1613 neque
734 1549 1066 1613 assurgere
1122 1547 1335 1609 neque
1398 1526 1677 1590 salutare
1744 1548 1811 1590 se
1870 1527 2275 1611 dignantem,
2337 1528 2764 1591 oblatrantem

468 1634 662 1699 etiam
706 1634 921 1697 1166010
973 1632 1148 1716 quid,
1197 1633 1352 1696 satis
1399 1632 1626 1696 habuit
1675 1654 1937 1697 canem
1986 1634 2325 1717 appellare.

647 1738 1048 1804 Offensarum
1105 1739 1715 1821 inimicitiarumque
1771 1739 2039 1803 minime
2086 1763 2335 1805 memor
2380 1746 2764 1806 executorue
2781 1739 2871 1806 14

469 1845 777 1930 Vitelli[i]
834 1847 1042 1910 hostis
1099 1846 1198 1908 sui
1254 1846 1455 1910 filiam
1521 1844 2038 1929 splendidissime
2103 1847 2451 1932 maritauit,
2518 1848 2766 1914 dotauit

468 1955 662 2018 etiam
710 1956 774 2016 et
818 1952 1141 2016 instruxit.
1216 1952 1537 2036 trepidum
1587 1973 1733 2015 eum
1782 1953 2124 2017 interdicta
2171 1953 2317 2017 aula
2363 1954 2480 2018 sub
2508 1954 2766 2020 Nerone

389 2086 438 2126 15
470 2063 1056 2144 quaerentemque,
1103 2058 1406 2141 quidnam
1466 2062 1688 2143 ageret
1743 2062 1857 2122 aut
1909 2080 2038 2142 quo
2088 2059 2322 2145 abiret,
2379 2060 2640 2142 quidam
2690 2083 2766 2124 ex

468 2167 682 2231 officio
740 2166 1146 2231 admissionis
1204 2166 1398 2229 simul
1454 2166 1779 2248 expellens
1838 2165 2054 2230 abire
2101 2165 2582 2231 Morbouiam
2639 2168 2764 2231 ius·

467 2278 653 2338 serat.
743 2275 813 2337 in
857 2272 1030 2337 hunc
1084 2276 1311 2356 postea
1365 2273 1812 2356 deprecantem
1868 2294 2001 2336 non
2057 2272 2229 2336 ultra
2284 2272 2485 2338 uerba
2541 2294 2764 2337 excan-

465 2381 623 2465 duit,
662 2384 725 2445 et
764 2380 1022 2464 quidem
1059 2380 1331 2445 totidem
1371 2381 1506 2443 fere
1544 2383 1739 2461 atque
1778 2379 2014 2443 eadem.
2099 2402 2248 2444 nam
2286 2382 2362 2443 ut
2401 2380 2763 2463 suspicione

465 2487 684 2570 aliqua
739 2489 845 2551 uel
901 2492 1079 2551 metu
1135 2488 1213 2551 ad
1260 2487 1607 2577 perniciem
1657 2487 2037 2569 cuiusquam
2087 2486 2583 2570 compelleretur
2628 2490 2764 2549 tan-

384 2619 438 2659 60
463 2597 604 2657 tum
678 2594 858 2677 afuit,
930 2598 1005 2657 ut
1068 2594 1482 2658 monentibus
1547 2593 1770 2657 amicis
1839 2593 2193 2656 cauendum
2259 2614 2397 2656 esse
2460 2592 2764 2656 Mettium

463 2699 989 2784 Pompusianum,
1036 2700 1209 2783 quod
1256 2700 1452 2785 uolgo
1501 2701 1864 2764 crederetur
1901 2699 2188 2783 genesim
2224 2699 2461 2763 habere
2497 2699 2764 2782 impera-

609 2917 636 2964 1
677 2913 914 2979 Eutrop.
946 2910 1068 2964 VII
1089 2914 1182 2977 20,
1204 2916 1234 2964 1
1276 2909 1533 2964 conuicia
1562 2926 1596 2963 a
1625 2909 1927 2963 causidicis
1958 2913 2015 2963 et
2052 2909 2403 2979 philosophis
2432 2911 2492 2963 in
2521 2925 2580 2963 66
2610 2909 2765 2963 dicta

461 2991 664 3045 leniter
701 2990 924 3059 (leuiter
959 2991 1139 3056 codd„
1196 2990 1269 3059 μὴ
1308 2988 1523 3060 βαρέως
1560 2991 1794 3058 Paean.)
1832 2989 1983 3042 tulit.
2081 2992 2239 3057 Epi&
2280 2994 2333 3056 9,
2362 2994 2397 3043 3
2433 3007 2508 3059 sq.
2548 2989 2766 3043 ferebat

461 3071 743 3140 patienter
788 3070 1095 3124 amicorum
1142 3072 1354 3136 motus,
1412 3069 1767 3123 contumeliis
1820 3086 2036 3137 eorum,
2093 3072 2160 3123 ut
2205 3071 2326 3123 erat
2372 3068 2762 3136 facetissimus,

460 3151 802 3205 iocularibus
839 3151 1195 3219 respondens.
1271 3166 1514 3218 namque
1551 3149 1834 3204 Licinium
1865 3150 2208 3215 Mucianum,
2248 3166 2358 3219 quo
2396 3150 2650 3204 adiutore
2690 3150 2762 3204 ad

460 3232 761 3300 imperium
815 3233 1173 3300 peruenerat,
1230 3230 1438 3284 fiducia
1485 3230 1812 3284 meritorum
1859 3230 2194 3284 insolentem
2238 3229 2427 3298 lepide
2482 3229 2762 3296 flectebat,

461 3312 718 3365 adhibito
766 3311 957 3379 aliquo
1003 3311 1228 3379 utrique
1275 3310 1570 3377 familiari,
1617 3311 1680 3363 id
1725 3329 1899 3364 unum
1947 3311 2164 3365 dicens:
2226 3310 2407 3363 ‘nosti
2452 3327 2540 3362 1116
2577 3310 2763 3363 uirum

461 3393 622 3445 esse’.
697 3393 796 3445 sed
843 3392 982 3459 quid
1025 3391 1230 3444 mirum
1276 3389 1335 3443 in
1388 3390 1611 3457 amicis,
1669 3408 1797 3445 cum
1851 3391 2023 3445 etiam
2071 3389 2485 3444 causidicorum
2531 3389 2764 3458 obliqua

461 3472 615 3525 dicta
680 3473 769 3541 (cf.
827 3473 990 3526 Dom.
1029 3475 1067 3525 2
1115 3489 1172 3539 p.
1213 3474 1339 3536 336,
1371 3473 1426 3540 3)
1493 3473 1551 3524 et
1613 3471 2077 3540 philosophorum
2155 3470 2568 3524 contumaciam
2633 3486 2763 3523 con-

459 3554 773 3606 temneret?
947 3558 1010 3606 12
1059 3553 1294 3619 Eutrop
1337 3552 1457 3605 VII
1487 3556 1578 3617 20,
1610 3557 1640 3605 1
1689 3550 2029 3604 offensarum
2076 3553 2133 3604 et
2171 3553 2250 3620 (et
2286 3567 2386 3604 om.
2414 3568 2550 3618 pars
2585 3551 2762 3619 codd.)

458 3631 887 3686 inimicitiarum
932 3632 1223 3686 immemor
1266 3630 1393 3684 fuit.
1468 3633 1625 3699 Epic.
1662 3637 1715 3698 9,
1736 3636 1775 3686 2
1820 3630 1987 3684 huius
2024 3632 2173 3686 inter
2210 3633 2395 3684 cetera
2431 3630 2581 3684 bona
2616 3629 2762 3683 illud

460 3711 744 3782 singulare
789 3711 901 3765 fuit
945 3711 1274 3765 inimicitias
1321 3710 1607 3780 obliuisci,
1667 3712 1807 3765 adeo
1855 3715 1920 3765 ut
1956 3710 2177 3765 Vitellii
2223 3711 2403 3765 hostis
2451 3710 2536 3764 sui
2583 3709 2763 3764 filiam

457 3792 899 3861 locupletissime
919 3793 1175 3847 dotatam
1195 3791 1655 3860 splendidissimo
1678 3791 2044 3861 coniungeret
2060 3791 2202 3845 uiro.
2349 3795 2418 3845 20
2449 3791 2603 3860 Epic.
2627 3795 2679 3856 9,
2693 3794 2761 3844 14

458 3873 816 3927 monentibus
855 3873 1077 3939 amicis,
1113 3874 1178 3925 ut
1216 3874 1301 3942 (ut
1338 3889 1438 3926 om.
1469 3872 1761 3941 Landolf.)
1800 3874 2026 3925 caueret
2064 3888 2097 3924 a
2133 3871 2308 3924 Metio
2346 3866 2565 3941 (Mettio
2606 3871 2761 3924 Lan-

459 3952 614 4022 dolf.)
652 3952 1053 4021 Pomposian0‚
1102 3953 1171 4005 de
1219 3969 1331 4019 quo
1379 3968 1560 4006 sermo
1606 3951 2005 4021 percrebuerat
2049 3953 2416 4021 regnaturum
2455 3951 2592 4021 (fore
2631 3951 2758 4004 add.

460 4033 772 4102 Landolf.),
813 4032 1098 4105 consulem
1133 4032 1272 4085 fecit
1311 4032 1569 4086 alludens
1607 4031 1714 4085 tali
1753 4031 1983 4085 cauillo:
2034 4032 2371 4100 quandoque
2407 4046 2620 4084 memor
2655 4030 2763 4083 erit

457 4113 608 4166 tanti
643 4113 917 4167 beneficii.

603 4316 628 4362 1
671 4326 739 4363 ac
774 4327 876 4364 om.
908 4311 967 4362 N
1129 4315 1161 4362 ὅ
1201 4308 1516 4362 clausulam
1546 4309 1757 4375 Duker,
1798 4301 2083 4362 clausulae
2114 4310 2167 4360 Ω
2323 4313 2385 4361 11
2427 4323 2625 4361 canem
2659 4307 2760 4360 ha·

455 4390 581 4443 buit
621 4393 670 4443 Y
887 4395 950 4442 13
1009 4390 1345 4457 dotauitque
1401 4391 1551 4460 uuly.
1582 4395 1713 4459 post
1759 4390 1839 4443 ed.
1883 4390 2010 4443 Ven.
2041 4388 2085 4442 I
2135 4389 2481 4458 (maritatam
2538 4387 2761 4441 dotauit

455 4471 709 4542 Bentley)
867 4475 930 4523 17
986 4469 1122 4539 non]
1160 4468 1316 4523 haud
1356 4486 1388 4528 ς
1446 4470 1584 4539 (edd.
1616 4470 1824 4537 princ„
1879 4470 2052 4539 παῖς.)
2211 4474 2275 4522 18
2333 4471 2505 4537 atque
2561 4468 2760 4520 eadem

453 4550 571 4605 fere
596 4551 647 4605 G
776 4556 844 4605 20
872 4552 1020 4605 esset
1050 4551 1186 4619 (e‘et)
1208 4550 1306 4616 L1,
1336 4565 1456 4604 esse
1485 4552 1543 4604 et
1561 4550 1712 4604 POS
1737 4552 1870 4619 (non
1896 4551 1968 4618 T)
2095 4548 2332 4602 metium
2351 4553 2409 4602 X
2409 4551 2459 4601 Τ
2482 4552 2636 4616 (corr.
2658 4545 2757 4615 L2)
