3325 5209
608 412 692 477 92
1305 412 1361 466 C.
1403 410 1720 466 SVETONI
1756 410 2200 476 TRANQVILLI

609 575 906 640 omnibus
954 575 1357 659 contulisset,
1413 574 1535 659 [et]
1582 575 1691 638 hic
1738 578 2053 639 secretum
2102 575 2179 638 de
2228 579 2556 657 comperta
2599 572 2905 638 Murenae

608 682 1050 747 coniuratione
1097 683 1284 746 uxori
1331 682 1668 745 Terentiae
1714 681 2119 764 prodidisset.

537 809 571 854 4
787 788 1026 871 Exegit
1062 792 1127 851 et
1164 789 1302 872 ipse
1342 791 1408 851 in
1447 790 1656 852 uicem
1698 788 1775 851 ab
1807 787 2030 851 amicis
2060 788 2564 852 beniuolentiam
2594 792 2906 870 mutuam,

608 899 742 958 tam
790 919 827 959 a
882 894 1200 960 defunctis
1257 918 1448 978 quam
1496 918 1534 958 a
1579 896 1766 959 uiuis.
1850 917 1998 958 nam
2057 896 2353 977 quamuis
2406 894 2670 958 minime
2715 917 2905 978 appe-

608 1005 771 1065 teret
807 1003 1213 1084 hereditates,
1259 1006 1332 1064 ut
1371 1003 1483 1084 qui
1519 1023 1872 1084 numquam
1912 1023 1989 1064 ex
2028 1001 2235 1087 ignoti
2264 1005 2650 1066 testamento
2681 1023 2905 1085 capere
2961 1024 2986 1064 5

611 1110 952 1192 quicquam
1002 1110 1395 1190 sustinuerit,
1443 1110 1790 1172 amicorum
1842 1112 2057 1171 tamen
2096 1129 2394 1191 suprema
2430 1109 2664 1171 iudicia
2700 1129 2906 1172 moro-

609 1216 859 1280 sissime
914 1216 1294 1300 pensitauit,
1346 1237 1554 1298 neque
1611 1215 1832 1278 dolore
1889 1214 2291 1278 dissimulato
2302 1265 2320 1298 ,
2376 1216 2430 1278 si
2484 1216 2738 1298 parcius
2796 1220 2907 1279 aut

609 1323 771 1387 citra
816 1323 1129 1386 honorem
1174 1322 1540 1404 uerborum,
1586 1344 1794 1405 neque
1842 1322 2104 1405 gaudiO,
2152 1322 2207 1385 si
2255 1326 2437 1407 grate
2481 1322 2714 1405 pieque
2761 1323 2905 1407 quis

609 1450 675 1492 se
729 1433 1104 1512 prosecutus
1158 1428 1403 1492 fuisset.
1487 1430 1701 1513 legata
1761 1428 1868 1492 uel
1924 1433 2138 1511 partes
2184 1428 2638 1492 hereditatium
2686 1451 2722 1491 a
2769 1430 2906 1513 qui-

608 1535 1004 1618 buscumque
1060 1534 1434 1618 parentibus
1490 1534 1714 1598 relicta
1774 1534 1898 1598 sibi
1952 1539 2065 1598 aut
2125 1536 2344 1599 statim
2403 1536 2626 1600 liberis
2682 1556 2904 1600 eorum
2934 1559 2987 1598 10

611 1642 952 1707 concedere
999 1645 1128 1724 aut,
1176 1643 1230 1704 si
1276 1642 1582 1725 pupillari
1629 1645 1837 1705 aetate
1884 1646 2114 1722 essent,
2168 1642 2269 1705 die
2315 1643 2525 1707 uirilis
2572 1646 2762 1728 togae
2799 1642 2904 1706 uel

606 1749 978 1831 nuptiarum
1029 1769 1172 1812 cum
1220 1750 1613 1813 incremento
1660 1749 1997 1813 restituere
2043 1754 2478 1813 consueuerat.

501 1855 590 1921 67
787 1853 1106 1919 Patronus
1154 1855 1580 1938 dominusque
1626 1877 1758 1919 non
1804 1855 2016 1919 minus
2065 1877 2323 1920 seuerus
2367 1877 2560 1938 quam
2598 1857 2805 1920 facilis
2844 1860 2907 1919 et

608 1963 884 2025 clemens
931 1962 1172 2025 multos
1228 1961 1609 2025 libertorum
1667 1963 1734 2025 in
1782 1961 2025 2025 honore
2072 1966 2137 2026 et
2182 1984 2300 2025 usu
2344 1964 2622 2027 maximo
2662 1963 2906 2045 habuit,

607 2072 680 2130 ut
726 2067 1106 2152 Licin[i]um
1156 2072 1223 2132 et
1264 2067 1569 2131 Celadum
1617 2068 1921 2150 aliosque.
2008 2067 2309 2131 Cosmum
2359 2089 2616 2132 seruum
2663 2070 2902 2153 grauis-
2932 2091 2988 2130 15

608 2175 768 2238 sime
824 2175 899 2239 de
957 2196 1025 2237 se
1073 2177 1441 2258 opinantem
1493 2196 1623 2238 non
1680 2174 1850 2237 ultra
1896 2196 2082 2255 quam
2139 2174 2562 2257 compedibus
2608 2177 2902 2239 coercuit.

608 2280 965 2345 Diomeden
1022 2282 1560 2364 dispensatorem,
1615 2303 1652 2344 a
1700 2303 1828 2363 quo
1887 2279 2079 2343 simul
2135 2280 2505 2344 ambulante
2557 2282 2907 2346 incurrenti

608 2392 868 2470 repente
916 2387 1051 2451 fero
1100 2409 1254 2470 apro
1302 2410 1417 2471 per
1460 2391 1702 2450 metum
1755 2386 2043 2450 obiectus
2091 2390 2214 2468 est,
2261 2389 2489 2451 maluit
2535 2387 2904 2452 timiditatis

609 2515 875 2578 arguere
923 2515 1114 2575 quam
1161 2515 1366 2558 noxae
1413 2514 1675 2576 remque
1713 2515 1843 2557 non
1881 2493 2133 2556 minimi
2170 2494 2456 2578 periculi,
2504 2495 2654 2577 quia
2691 2497 2906 2557 tamen

538 2620 568 2665 2
608 2599 783 2663 fraus
833 2600 1077 2682 aberat,
1134 2601 1202 2662 in
1257 2601 1467 2663 iocum
1525 2601 1740 2663 uertit.
1825 2600 1992 2663 idem
2039 2600 2271 2664 Polum
2319 2624 2394 2663 ex
2444 2603 2905 2685 acceptissimis
2934 2623 2991 2662 zo

607 2706 856 2769 libertis
912 2708 1076 2769 mori
1135 2707 1349 2791 coegit
1403 2712 1802 2790 compertum
1852 2707 2209 2771 adulterare
2265 2710 2619 2793 matronas3
2674 2709 2904 2773 Thallo

608 2836 645 2874 a
691 2834 912 2895 mann,
968 2813 1140 2894 quod
1194 2835 1313 2897 pro
1372 2813 1649 2897 epistula
1706 2813 1963 2898 prodita
2019 2814 2312 2878 denarios
2371 2816 2758 2900 quingentos
2807 2838 2905 2880 ac-

609 2919 901 3003 cepisset,
949 2941 1131 2983 crura
1177 2920 1234 2983 ei
1279 2919 1502 3005 fregit3
1548 2921 1993 3006 paedagogum
2032 2921 2490 3004 ministrosque
2529 2920 2594 2986 C.
2633 2923 2748 3009 fili,
2793 2945 2907 3006 per

610 3028 1009 3091 occasionem
1072 3026 1445 3090 ualitudinis
1507 3028 1862 3109 mortisque
1924 3027 2059 3091 eius
2131 3028 2401 3111 superbe
2461 3051 2775 3110 auareque
2837 3032 2905 3093 in

608 3133 940 3217 prouincia
995 3139 1345 3219 grassatos,
1402 3138 1698 3197 oneratos
1755 3135 1937 3218 graui
1991 3134 2271 3218 pondere
2328 3136 2682 3200 ceruicibus
2729 3158 2905 3220 prae·
2935 3155 2990 3195 25

614 3240 910 3324 cipitauit
957 3242 1025 3303 in
1069 3240 1325 3305 flumen.

501 3349 594 3412 68
790 3346 1009 3411 Prima
1082 3348 1344 3411 iuuenta
1427 3348 1754 3410 uariorum
1830 3347 2210 3412 dedecorum
2286 3349 2613 3412 infamiam
2688 3350 2903 3413 subiit.

611 3452 842 3517 Sextus
890 3453 1238 3536 Pompeius
1286 3458 1358 3517 ut
1406 3453 1842 3517 effeminatum
1891 3453 2236 3517 insectatus
2285 3459 2406 3539 est3
2456 3454 2541 3518 M.
2581 3454 2904 3520 Antonius

608 3561 1020 3644 adoptionem
1077 3560 1379 3625 auunculi
1437 3564 1661 3644 stupro
1720 3560 2050 3644 meritum3
2109 3561 2260 3624 item
2320 3560 2390 3624 L.
2436 3560 2639 3625 Marci
2692 3563 2904 3646 frater,

606 3869 635 3921 f
752 3794 817 3841 27
859 3790 1013 3856 Epit.
1048 3795 1096 3854 1,
1123 3793 1199 3843 22
1247 3788 1533 3842 seruiebat
1572 3831 1582 3842 .
1618 3832 1628 3842 .
1663 3831 1674 3841 .
1713 3788 1942 3841 libidini
1989 3806 2164 3856 usque
2211 3790 2284 3843 ad
2330 3791 2596 3859 probrum
2651 3790 2905 3859 uulgaris

634 3886 811 3923 arnae.

753 4063 779 4107 1
823 4056 1081 4109 omnibus
1129 4054 1383 4126 (rebus)
1428 4056 1603 4108 Polak
1749 4058 1805 4109 et
1852 4056 1951 4109 del.
1998 4058 2151 4111 Torr.
2298 4062 2328 4108 3
2379 4056 2448 4109 ab
2496 4073 2596 4110 om.
2639 4059 2911 4112 VL¹P¹S

611 4143 640 4188 9
680 4139 842 4203 parte
871 4141 929 4188 X
1066 4135 1486 4189 hereditatuum
1520 4135 1587 4200 G,
1633 4138 1780 4188 -tum
1810 4135 2062 4191 HRL2T
2203 4141 2267 4187 12
2300 4141 2669 4190 consueuerat
2700 4139 2905 4200 ΜΘΝ,

609 4216 981 4269 constituerat
1015 4219 1083 4281 T,
1122 4219 1420 4269 consuerat
1457 4219 1724 4285 (-seuerat
1758 4219 1829 4285 Τ)
1860 4219 1917 4268 X
1922 4215 1937 4234 '
2049 4222 2113 4269 15
2152 4216 2407 4269 Licinum
2444 4218 2594 4270 Torr.
2708 4221 2765 4271 et
2803 4217 2902 4271 Ce-

608 4295 803 4348 ladum
845 4297 1104 4361 Cascam,
1144 4294 1473 4348 enceladum
1504 4298 1582 4360 Ω,
1627 4293 1849 4348 Ε111111111
1890 4295 2159 4349 Celadum
2192 4297 2329 4350 Oud.
2481 4302 2544 4350 17
2587 4298 2903 4351 diomedem

612 4376 755 4429 YPS
863 4380 930 4428 20
949 4375 1314 4444 proculumR
1335 4378 1527 4445 (uuly.)
1548 4377 1693 4429 etsie
1714 4378 1770 4427 H
1778 4375 1797 4405 ²
1815 4392 1949 4429 corr.
1972 4381 2036 4428 ut
2052 4377 2167 4430 uid.
2191 4394 2256 4430 ex
2274 4376 2603 4443 periculum,
2633 4377 2833 4446 poprm
2860 4379 2908 4448 Q

609 4462 675 4508 23
716 4459 973 4509 creatura
1016 4456 1067 4509 G
1248 4455 1300 4507 ei
1338 4455 1533 4525 fregit]
1582 4454 1804 4524 effregit
1844 4457 1964 4510 HR
2145 4462 2211 4508 ⁴25
2252 4458 2509 4510 onenitos
2542 4458 2611 4523 G,
2659 4459 2905 4512 oneratis

609 4536 763 4604 (hon-
794 4537 865 4604 T)
891 4536 990 4601 Τς,
1029 4543 1076 4588 et
1106 4551 1246 4603 pars
1283 4536 1420 4601 edd„
1456 4536 1584 4601 fort.
1615 4537 1817 4589 rectius
1980 4542 2045 4588 29
2086 4536 2234 4609 (ut)
2275 4538 2635 4605 adoptionem
2675 4540 2906 4608 Bentley
