3325 5209
589 371 630 433 2
635 369 720 434 88
1288 368 1344 423 O.
1386 368 1702 423 SVETONI
1738 368 2184 434 TRANQVILLI

594 532 813 616 multi,
866 533 1039 596 haud
1094 531 1289 596 dubia
1342 533 1578 596 fiducia
1635 533 1705 596 in
1761 533 1901 616 ipso
1957 534 2219 619 negotio
2276 531 2480 616 pluris
2542 530 2895 595 adfuturos.

510 639 556 704 6
598 640 836 704 tulerat
882 638 1134 703 animus
1172 644 1323 721 post
1362 639 1775 723 adoptionem
1813 640 2029 704 statim
2077 643 2285 703 castra
2323 660 2632 721 occupare
2671 659 2897 701 cenan-

597 750 854 830 temque
902 745 970 810 in
1019 745 1269 810 Palatio
1319 744 1589 811 Galbam
1636 746 1916 830 adgredi,
1963 747 2071 810 sed
2122 745 2378 811 obstitit
2423 749 2746 828 respectus
2796 765 2896 808 co-

546 854 550 859 ’
592 851 817 937 hortiS,
866 873 1027 935 quae
1066 856 1220 918 tunc
1259 852 1639 936 excubabat,
1677 875 1757 916 ne
1795 857 2168 917 oneraretur
2208 852 2475 935 inuidia,
2522 851 2695 934 quod
2733 849 2896 915 eius-

599 959 743 1024 dem
774 960 1049 1023 statione
1079 963 1143 1023 et
1174 957 1371 1023 Graius
1410 959 1621 1023 fuerat
1651 961 1897 1024 occisus
1936 964 2001 1025 et
2029 960 2316 1024 desertus
2346 957 2539 1022 Nero.
2613 957 2894 1022 medium

601 1088 854 1149 quoque
901 1071 1157 1149 tempus
1206 1065 1434 1152 religio
1481 1071 1544 1130 et
1594 1065 1896 1131 Seleucus
1944 1068 2195 1132 exemit.

524 1188 555 1235 2
619 1208 654 1259 1
774 1172 951 1258 Ergo
1014 1173 1333 1237 destinata
1393 1173 1496 1238 die
1551 1174 1970 1257 praemonitis
2026 1173 2327 1256 consciiS,
2387 1175 2459 1234 ut
2512 1193 2578 1235 se
2638 1172 2708 1234 in
2751 1172 2893 1235 foro

600 1278 719 1342 sub
778 1278 930 1342 aede
988 1276 1249 1343 Saturni
1310 1279 1391 1341 ad
1449 1279 1799 1342 miliarium
1860 1301 2124 1343 aureum
2180 1279 2652 1362 opperirentur,
2710 1299 2896 1341 mane

601 1384 869 1449 Galbam
918 1383 1252 1467 salutauit,
1313 1389 1517 1469 utque
1563 1389 1987 1449 consueuerat
2043 1385 2262 1449 osculo
2314 1388 2645 1467 exceptus,
2701 1385 2894 1447 etiam

601 1492 983 1557 sacrificanti
1039 1492 1332 1555 interfuit
1398 1491 1776 1574 audiuitque
1835 1493 2160 1576 praedicta
2218 1491 2593 1574 haruspicis.
2670 1490 2896 1555 deinde

601 1597 834 1662 liberto
883 1598 1099 1662 adesse
1146 1597 1529 1663 architectos
1567 1600 1923 1682 nuntiante,
1970 1599 2142 1684 quod
2190 1600 2446 1685 signum
2493 1601 2897 1680 conuenerat,

601 1705 784 1788 quasi
839 1703 1131 1768 uenalem
1196 1706 1456 1770 domum
1516 1707 1919 1790 inspecturus
1975 1705 2282 1770 abscessit
2336 1704 2783 1789 proripuitque
2830 1725 2896 1767 se

599 1812 850 1894 postica
909 1816 1089 1894 parte
1141 1811 1351 1876 Palati
1412 1813 1489 1875 ad
1552 1813 1993 1877 constitutum.
2091 1813 2201 1876 alii
2258 1811 2500 1876 febrem
2564 1811 2896 1876 simulasse

604 1918 785 1983 aiunt
822 1939 1088 2001 eamque
1128 1920 1603 1983 excusationem
1640 1919 1952 2002 proximis
1991 1918 2341 2001 mandasse,
2380 1918 2433 1981 si
2474 1923 2895 2001 quaereretur.

532 2041 563 2087 3
604 2029 760 2089 tunc
815 2023 1069 2089 abditus
1130 2047 1401 2109 propere
1461 2025 1760 2089 muliebri
1821 2024 1977 2089 sella
2035 2026 2103 2088 in
2172 2030 2377 2089 castra
2439 2024 2767 2090 contendit
2825 2045 2899 2088 ac

604 2131 1048 2225 deficientibus
1106 2133 1427 2195 lecticaris
1484 2153 1624 2195 cum
1687 2131 2114 2196 descendisset
2171 2153 2556 2214 cursumque
2590 2132 2899 2216 cepisset,

603 2238 813 2303 laxato
874 2240 1087 2303 calceo
1149 2241 1417 2321 restitit,
1483 2240 1685 2303 donec
1750 2240 1987 2303 omissa
2054 2262 2234 2303 mora
2294 2238 2678 2303 succollatus
2740 2243 2804 2302 et
2862 2261 2900 2301 a

603 2350 939 2428 praesente
1002 2345 1314 2409 comitatu
1369 2347 1720 2430 imperator
1779 2347 2217 2410 consalutatus
2272 2348 2440 2410 inter
2496 2345 2740 2409 faustas
2796 2345 2898 2408 ad-

606 2452 1021 2516 clamationes
1087 2453 1473 2536 strictosque
1535 2453 1782 2538 gladios
1843 2454 1923 2516 ad
1981 2454 2299 2537 principia
2358 2453 2644 2535 deuenit,
2706 2452 2898 2516 obuio

607 2580 862 2641 quoque
899 2581 1031 2622 non
1068 2559 1254 2622 aliter
1292 2582 1365 2625 ac
1404 2561 1458 2622 si
1498 2561 1790 2624 conscius
1840 2564 1902 2623 et
1939 2561 2258 2643 particeps
2296 2560 2464 2624 foret
2500 2560 2896 2623 adhaerente.
2929 2583 2953 2621 ε·

606 2665 697 2728 ibi
744 2665 959 2728 missis
1000 2667 1110 2748 qui
1150 2665 1416 2730 Galbam
1455 2670 1519 2729 et
1556 2666 1857 2731 Pisonem
1896 2667 2305 2749 trucidarent,
2352 2667 2429 2730 ad
2469 2666 2898 2731 conciliandos

607 2771 1188 2855 pollicitationibus
1254 2772 1534 2836 militum
1610 2774 1859 2837 animos
1921 2773 2086 2836 nihil
2149 2774 2354 2858 magis
2420 2796 2536 2856 pro
2603 2774 2899 2837 contione

607 2882 879 2943 testatus
938 2882 1059 2961 est,
1120 2901 1311 2962 quam
1371 2880 1434 2943 id
1493 2879 1749 2943 demum
1812 2902 1877 2943 se
1931 2879 2332 2963 habiturum,
2387 2881 2558 2963 quod
2619 2880 2744 2943 sibi
2802 2879 2898 2943 illi

608 2986 1031 3069 reliquissent.

541 3086 594 3158 7,
788 3090 956 3155 Dein
993 3097 1295 3177 uergente
1344 3093 1470 3156 iam
1511 3093 1613 3156 die
1650 3094 1976 3179 ingressus
2017 3100 2307 3158 senatum
2342 3093 2682 3177 positaque
2719 3092 2902 3156 breui

610 3201 901 3264 oratione
951 3201 1134 3282 quasi
1192 3203 1415 3282 raptus
1472 3200 1549 3263 de
1609 3200 1872 3283 publico
1934 3205 1998 3264 et
2053 3201 2375 3284 suscipere
2434 3201 2775 3284 imperium
2833 3200 2902 3262 ui

611 3310 867 3370 coactus
943 3311 1370 3391 gesturusque
1453 3307 1778 3372 communi
1854 3308 2141 3372 omnium
2217 3306 2511 3390 arbitri0,
2582 3306 2901 3370 Palatium

609 3414 789 3496 petit.
875 3433 948 3476 ac
985 3434 1176 3496 super
1213 3417 1454 3478 ceteras
1493 3414 1954 3499 gratulantium
1993 3415 2518 3497 adulantiumque
2555 3412 2900 3476 blanditias

754 3611 819 3657 26
858 3606 1094 3673 Eutrop.
1138 3608 1261 3660 VII
1282 3611 1370 3671 17,
1400 3614 1430 3660 1
1474 3604 1620 3660 Otho
1659 3607 1843 3661 occiso
1884 3607 2065 3663 Galba
2111 3606 2323 3660 inuasit
2367 3606 2668 3675 imperium
2707 3606 2900 3674 (Schol.

613 3689 740 3740 Iun.
771 3689 825 3751 2,-
855 3688 964 3747 99).
1031 3687 1100 3752 cf.
1132 3688 1207 3739 ad
1238 3704 1294 3754 p.
1325 3691 1454 3752 289,
1483 3691 1552 3740 15

757 3861 782 3906 1
823 3854 938 3907 hau
971 3857 1045 3909 M
1051 3854 1084 3921 ¹,
1122 3855 1262 3908 haut
1291 3858 1334 3911 S
1508 3855 1702 3925 pluros
1742 3856 2021 3911 adfuturis
2053 3860 2128 3911 M
2150 3860 2207 3926 (i.
2238 3855 2415 3926 pluris
2454 3856 2748 3910 adfuturos
2786 3872 2901 3909 mu-

611 3937 743 3989 tatis
779 3937 1274 4001 terminationibus,
1310 3938 1389 3990 sie
1425 3937 1618 4005 Roth),
1662 3936 1851 4006 plures
1889 3936 2162 3991 affuturos
2196 3938 2271 4005 G,
2310 3936 2606 4005 plurib(us)
2646 3933 2903 3989 affuturis

610 4016 735 4085 HQ,
773 4015 962 4084 plures
994 4014 1224 4069 affuturi
1253 4016 1394 4084 (adf·
1424 4016 1509 4085 8¹)
1540 4018 1663 4082 ΒΧ,
1701 4016 1889 4085 plures
1908 4017 2197 4071 adfuturis
2227 4019 2261 4070 ὃ
2371 4021 2402 4068 2
2432 4015 2665 4085 tulerat]
2696 4017 2818 4068 erat
2836 4019 2904 4081 X,

611 4096 796 4149 fuerat
827 4097 1004 4151 Ursin.
1028 4098 1117 4165 (cf.
1140 4098 1248 4150 Iul.
1271 4098 1366 4164 82)
1512 4096 1729 4150 animos
1751 4097 1823 4149 M
1827 4097 1913 4150 G&
2058 4096 2252 4150 statim
2272 4114 2372 4151 om.
2397 4098 2472 4150 M
2576 4100 2607 4147 6
2630 4095 2903 4150 seleucius

613 4176 792 4245 (-tius)
822 4181 880 4228 X
985 4181 1051 4229 10
1090 4176 1366 4245 superfuit
1396 4177 1623 4231 Ernesti
1733 4182 1799 4230 12
1837 4176 2157 4231 iuuenalem
2194 4180 2313 4246 (om.
2346 4177 2593 4244 domum)
2629 4179 2678 4228 'I’
2778 4192 2905 4244 pro-

611 4254 858 4322 ripuitG
952 4262 1018 4309 16
1041 4256 1443 4311 deficientisM
1526 4256 1809 4310 lecticaris
1827 4258 1988 4325 Roth,
2007 4257 2364 4311 lecticaribus
2386 4256 2544 4326 (-rib;
2569 4257 2693 4325 GT)
2710 4255 2901 4320 MG‘P,

612 4333 916 4388 lecticariis
947 4340 1005 4389 X
1106 4342 1172 4389 23
1211 4336 1321 4407 illi]
1358 4337 1472 4405 ipsi
1507 4340 1554 4390 Τ
1658 4342 1726 4390 26
1766 4337 2019 4391 oratione
2048 4341 2145 4406 qui
2174 4344 2398 4392 tuentur
2422 4338 2671 4391 scribunt
2695 4335 2906 4405 posito-

614 4428 723 4479 que
756 4414 823 4468 G.
845 4416 1195 4483 H Wa1ther,
1232 4417 1673 4485 perfunctusque
1709 4420 1800 4471 uel
1832 4419 2230 4486 professusque
2257 4419 2504 4487 Bentley,
2542 4417 2905 4485 expositoque

617 4493 829 4558 Burm„
868 4495 1088 4551 ratione
1124 4514 1247 4551 cwm
1285 4499 1524 4552 Erasmo
1555 4499 1801 4566 plerique
1838 4500 1919 4566 (at
1952 4499 2353 4569 propositaque
2389 4499 2605 4552 mauult
2645 4497 2807 4562 Oud.)

2926 1517 2981 1556 lo

2929 2049 2979 2088 15

2931 3116 2983 3156 25
