3325 5209
605 393 738 458 270
996 392 1053 447 C.
1093 392 1408 447 SVETONI
1445 392 1893 458 TRANQVILLI
1926 392 2126 447 NERO
2165 405 2297 453 [cu.
2327 408 2393 448 56.
2420 405 2491 453 5⁷]

606 556 932 622 sacrificiis
979 556 1188 621 colere
1234 558 1670 640 perseuerauit
1713 555 2100 640 uolebatque
2148 557 2319 620 credi
2358 557 2713 620 monitione
2761 559 2897 621 eius

604 664 822 727 futura
862 685 1294 747 praenoscere.
1369 667 1517 728 ante
1552 684 1793 746 paucos
1833 685 2025 747 quam
2063 664 2300 747 periret
2337 685 2587 728 menses
2625 662 2900 727 attendit

606 775 671 834 et
716 771 1050 854 extispicio
1097 792 1214 834 nec
1260 792 1567 853 umquam
1614 769 1847 834 litauit.

500 874 589 940 57
783 874 961 941 Obiit
1006 879 1374 942 tricensimo
1424 881 1489 940 et
1536 877 1815 941 secundo
1864 877 2091 941 aetatis
2138 899 2325 954 ann0,
2373 877 2474 940 die
2522 899 2649 959 quo
2698 899 2899 960 quon—

606 984 749 1048 dam
799 981 1136 1049 Octauiam
1182 986 1609 1066 interemerat,
1653 988 2034 1067 tantumque
2082 984 2387 1069 gaudium
2425 984 2683 1068 publice
2719 1005 2898 1067 prae·
2954 1008 2986 1046 5

604 1090 764 1168 buit,
820 1095 893 1154 ut
945 1091 1128 1175 plebs
1183 1091 1446 1175 pilleata
1499 1095 1639 1154 tota
1694 1091 1848 1154 urbe
1905 1090 2305 1155 discurreret.
2389 1095 2452 1154 et
2508 1095 2723 1154 tamen
2769 1113 2900 1154 non

606 1197 945 1262 defuerunt
991 1201 1103 1281 qui
1149 1221 1264 1283 per
1308 1198 1576 1283 longum
1625 1201 1879 1280 tempus
1927 1199 2144 1261 uernis
2197 1198 2585 1280 aestiuisque
2632 1197 2896 1261 floribus

604 1305 927 1369 tumulum
984 1306 1119 1369 eius
1185 1309 1486 1369 ornarent
1551 1326 1624 1368 ac
1687 1302 1890 1391 [modo
1957 1306 2270 1390 imagines
2335 1308 2766 1388 praetextatas
2831 1306 2901 1369 in

602 1414 828 1475 rostris
875 1412 1253 1496 proferrent,
1299 1411 1488 1475 modo
1538 1411 1747 1476 edicta
1793 1412 1975 1494 quasi
2021 1413 2302 1475 uiuentis
2341 1416 2405 1475 et
2442 1411 2624 1474 breui
2662 1433 2896 1496 magno

534 1531 566 1578 2
605 1517 1013 1582 inimicorum
1069 1518 1240 1582 malo
1296 1519 1630 1581 reuersuri.
1717 1518 1875 1600 quin
1931 1520 2121 1582 etiam
2170 1517 2571 1602 Vologaesus
2630 1517 2896 1581 Partho·
2929 1541 2984 1580 ιο

605 1647 747 1688 rum
804 1647 916 1689 rex
972 1625 1185 1688 missis
1240 1624 1320 1688 ad
1374 1629 1666 1688 senatum
1723 1623 1954 1709 legatis
2011 1625 2089 1688 de
2134 1624 2548 1688 instauranda
2595 1625 2897 1689 societate

606 1730 728 1793 hoc
774 1731 969 1794 etiam
1015 1752 1251 1816 magno
1301 1753 1490 1814 opere
1530 1733 1756 1813 orauit,
1792 1735 1866 1794 ut
1902 1730 2180 1795 Neronis
2220 1732 2527 1795 memoria
2565 1730 2895 1795 coleretur.

608 1836 881 1919 denique
945 1860 1089 1901 cum
1162 1843 1310 1923 post
1367 1837 1605 1924 uiginti
1681 1861 1881 1902 annos
1946 1838 2349 1902 adulescente
2419 1860 2520 1901 me
2587 1839 2900 1901 extitisset

607 1944 997 2009 condicionis
1045 1945 1323 2010 incertae
1371 1947 1483 2028 qui
1531 1967 1596 2008 se
1643 1944 1964 2008 Neronem
2018 1966 2154 2008 esse
2202 1946 2494 2028 iactaret,
2541 1948 2673 2007 tam
2719 1944 2897 2008 fauo-

604 2050 805 2115 rabile
852 2073 1087 2116 nomen
1134 2053 1270 2117 eius
1319 2051 1489 2135 apud
1533 2050 1809 2115 Parthos
1866 2051 2016 2134 fuit,
2064 2056 2136 2114 ut
2182 2053 2596 2115 uehementer
2641 2051 2895 2115 adiutus
2929 2074 2980 2113 15

605 2161 670 2221 et
714 2160 827 2221 uix
872 2159 1157 2223 redditus
1206 2161 1303 2223 sit.

750 2357 780 2404 3
821 2353 1052 2421 Eutrop.
1088 2354 1211 2406 VII
1231 2357 1318 2417 15,
1340 2355 1373 2405 3
1421 2351 1565 2404 obiit
1610 2351 1894 2404 tricesimo
1943 2353 1999 2404 et
2046 2350 2222 2404 altero
2276 2351 2481 2403 aetatis
2537 2367 2682 2403 anno
2721 2351 2895 2417 (Hier.

604 2433 784 2485 chron.
817 2450 867 2485 a.
896 2436 1047 2486 2084
1085 2448 1232 2485 anno
1271 2431 1473 2485 aetatis
1504 2431 1744 2500 XXXII).
1800 2432 1955 2499 Epit.
1989 2435 2039 2498 5,
2060 2436 2098 2484 8
2143 2430 2315 2498 periit
2361 2447 2507 2483 anno
2557 2430 2762 2483 aetatis
2798 2430 2899 2483 tri-

606 2511 810 2564 cesimo
850 2512 1108 2565 secundo.
1282 2518 1316 2564 4
1355 2513 1511 2579 Epit.
1534 2515 1584 2576 5,
1606 2516 1641 2564 9
1681 2513 1928 2564 ceterum
1965 2511 2106 2564 adeo
2147 2513 2380 2564 cunctae
2418 2510 2743 2579 prouinciae
2783 2527 2899 2563 om-

605 2591 803 2658 nisque
855 2592 1033 2644 Roma
1084 2591 1319 2645 interitu
1371 2592 1490 2645 eius
1542 2589 1846 2657 exultauit,
1893 2593 1958 2643 ut
2001 2590 2162 2658 plebs
2210 2591 2411 2643 induta
2458 2589 2645 2659 pilleis
2685 2590 2897 2659 (palliis

608 2671 892 2738 Landolf.)
913 2672 1415 2724 manumissionum
1434 2674 1726 2739 tamquam
1745 2687 1915 2724 saeuo
1936 2672 2195 2740 exempta
2216 2671 2441 2723 domino
2461 2670 2850 2739 triumpharet.

607 2757 637 2802 9
677 2752 833 2819 Epit.
865 2758 925 2817 5,
953 2756 991 2804 8
1037 2751 1185 2804 1111110
1223 2752 1426 2805 Persae
1470 2752 1531 2804 in
1576 2754 1799 2805 tantum
1849 2751 2187 2817 dilexerunt,
2234 2753 2300 2803 ut
2344 2751 2563 2820 legatos
2609 2752 2900 2804 mitterent

606 2833 830 2884 orantes
869 2831 1089 2900 copiam
1126 2832 1485 2885 construendi
1520 2830 1883 2884 monumenti.
2029 2846 2032 2848 ’

753 3018 777 3062 1
801 3011 1046 3064 motione
1072 3012 1122 3065 G
1266 3017 1298 3062 4
1320 3010 1607 3080 trigesimo
1626 2994 1689 3059 1⁰1.
1711 3013 1830 3078 (om.
1855 3012 1930 3078 et)
1957 3011 2007 3063 G-
2151 3009 2329 3062 altero
2341 3010 2574 3077 Eutrop.
2687 3016 2717 3061 5
2740 3025 2899 3076 prae-

605 3090 755 3162 buit]
784 3090 894 3143 fuit
914 3092 1083 3158 POT,
1122 3091 1372 3160 p(opulo)
1404 3092 1466 3144 R.
1498 3091 1609 3143 fuit
1634 3091 1772 3144 (Jud.
1889 3095 1952 3140 10
1983 3088 2318 3158 uologaosus
2341 3091 2509 3157 POT,
2551 3106 2740 3158 -gesus
2777 3089 2901 3163 ΤΒ

611 3178 670 3223 11
714 3170 967 3224 exmissis
1000 3171 1179 3224 MLP
1323 3178 1386 3224 13
1425 3191 1512 3224 xx.
1549 3171 1818 3225 GTLPT

749 3252 947 3306 subscr.
989 3269 1032 3304 c.
1074 3252 1294 3304 suetoni
1331 3250 1627 3319 tranquilli
1666 3251 1735 3303 de
1773 3249 1896 3302 uita
1934 3266 2218 3302 caesarum
2260 3249 2458 3317 explic.
2490 3265 2640 3302 ner0.
2698 3249 2902 3317 incipit

606 3331 779 3400 galba
816 3331 1058 3384 feliciter
1089 3332 1161 3383 M
1193 3339 1242 3384 et
1278 3334 1397 3384 sim.
1429 3333 1543 3385 HR
1577 3329 1840 3400 <feliciter
1878 3347 1976 3383 om.
2011 3330 2082 3397 R)
2241 3329 2473 3398 explicit
2510 3346 2659 3383 11010.
2700 3329 2902 3397 incipit

608 3411 777 3480 galba
796 3411 940 3463 liber
970 3411 1239 3479 septimus
1260 3410 1502 3463 feliciter
1526 3410 1571 3479 Q
1681 3425 1812 3462 nero
1835 3410 2080 3477 explicit.
2112 3410 2315 3478 incipit
2343 3409 2513 3478 galba
2534 3409 2778 3462 feliciter
2801 3411 2850 3462 G

608 3490 839 3559 explicit
875 3490 971 3544 lib.
1001 3491 1091 3544 VI.
1137 3491 1339 3558 incipit
1379 3491 1446 3543 de
1485 3490 1654 3559 galba
1692 3489 1788 3542 lib.
1821 3489 1923 3541 VII
1954 3489 2050 3541 LS
2085 3489 2174 3557 (de
2212 3489 2384 3557 galba
2412 3505 2510 3542 om.
2545 3489 2611 3557 S)
2743 3491 2902 3543 ‘nulla

606 3572 807 3625 subscr.
837 3572 898 3623 in
928 3574 982 3625 P
