3325 5209
1355 433 1765 489 PRAEFATm
2043 407 2046 408 *
2605 429 2709 484 xv

411 604 693 663 indoctus·
749 606 845 661 uir
909 603 1146 663 deleuit.
1238 604 1473 679 reliqua
1536 622 1689 680 quae
1743 602 1897 661 bona
1958 602 2020 660 in
2078 621 2145 660 eo
2202 601 2626 678 praedicantur
2637 593 2706 682 ¹),

412 692 685 769 equidem
731 692 976 752 minoris
1031 693 1308 769 ponderis
1365 711 1490 752 esse
1547 691 2037 765 existimauerim,
2085 693 2368 765 quoniam
2415 694 2521 749 aut
2566 691 2708 750 casu

416 785 520 842 aut
566 782 913 841 emendandi
963 783 1160 842 studio
1207 785 1350 841 nata
1363 773 1414 862 2)
1461 783 1668 857 putari
1712 784 1974 856 possunt.

590 872 681 929 Ex
728 872 935 930 eodem
981 891 1096 947 quo
1134 873 1190 930 V
1219 873 1383 930 fonte
1431 870 1736 929 emanauit
1774 870 2029 928 alterum
2067 870 2398 944 exemplum
2439 870 2502 925 in
2538 869 2706 943 peius

417 962 711 1019 mutatum
725 952 778 1041 3)
810 951 949 1040 (Χ),
988 960 1147 1036 quod
1174 962 1290 1019 etsi
1316 960 1514 1036 periit,
1551 959 1947 1036 redintegrari
1980 961 2181 1034 potest
2209 976 2318 1033 per
2346 959 2707 1033 apographa,
2738 958 2803 1016 X

412 1069 466 1108 e,
501 1049 715 1124 quibus
772 1050 926 1126 elegi
967 1052 1327 1109 uetustiora.
1362 1052 1652 1123 quattuor
1708 1052 1767 1106 et
1812 1048 2091 1123 quintum
2135 1048 2462 1106 recentiore
2511 1050 2707 1106 aetate

412 1140 654 1198 factum.
755 1139 913 1197 inter
973 1138 1080 1197 illa
1145 1138 1365 1197 eminet
1429 1156 1497 1196 ac
1561 1141 1870 1211 tamquam
1934 1137 2119 1195 frater
2180 1138 2376 1195 minor
2429 1136 2710 1195 Vaticani

411 1227 877 1292 considerandus
933 1230 1023 1286 est
1081 1225 1233 1285 liber
1279 1227 1657 1286 Florentinus
1705 1226 2143 1286 Laurentianus
2190 1225 2339 1300 plut.
2382 1227 2524 1298 68,7
2577 1217 2710 1306 (L),
2740 1221 2798 1284 L

414 1316 714 1382 Mediceus
759 1318 992 1390 tertiuS,
1039 1336 1214 1392 quem
1252 1317 1443 1375 dicere
1471 1315 1685 1377 ,solent
1729 1315 1847 1374 Iac.
1888 1313 2223 1374 Gronouius
2270 1316 2330 1373 et
2368 1311 2708 1375 Oudendor-

413 1408 565 1481 pius.
633 1460 636 1463 ,
675 1405 831 1465 binis
897 1405 1184 1464 columnis
1248 1407 1312 1464 in
1375 1405 1735 1464 membranis
1798 1404 2024 1463 formae
2069 1400 2305 1462 ‘maxim
2314 1423 2381 1462 ae
2454 1405 2709 1478 scriptus

407 1495 514 1554 fol.
548 1497 581 1552 7
593 1497 849 1557 3-157
902 1496 1166 1556 continet
1201 1493 1519 1568 ‚CaesareS,
1583 1495 1689 1568 qui
1719 1495 2047 1570 excipiunt
2088 1493 2210 1551 -Iuli
2258 1495 2709 1553 commentarios
2776 1487 2779 1491 Δ

414 1583 487 1642 de
532 1582 689 1646 bello
720 1582 976 1645 Gallico.
1021 1585 1278 1662 'primus
1326 1582 1602 1642 adhibuit
1642 1582 1994 1657 Politianus,
2044 1583 2381 1640 accuratius
2426 1582 2710 1641 collatum

413 1672 624 1732 habuit
659 1671 1044 1746 -Gronouius,
1108 1674 1236 1749 ipse
1277 1672 1523 1733 *contuli
1553 1692 1629 1731 a.
1669 1674 1836 1731 1894
1893 1671 2439 1748 adsignandumque
2495 1672 2712 1746 putaui

411 1762 652 1824 saeculo
700 1762 816 1821 ΧΠ
876 1763 1110 1820 ineunti
1171 1764 1611 1837 potiusquam
1677 1763 1916 1820 exeunti
1961 1760 2060 1817 XI.
2154 1779 2189 1818 a
2254 1759 2523 1835 pluribus
2581 1779 2712 1821 ,cor-

412 1854 609 1912 rectus
664 1854 794 1925 est,
842 1852 1039 1912 rarius
1098 1871 1309 1912 manu.
1344 1850 1680 1926 antiquiore
1737 1842 1907 1931 (L2),
1939 1879 1944 1908 j
1973 1850 2208 1925 saepius
2258 1852 2493 1907 recenti
2550 1841 2927 1930 (L3)5L²,L⁸

416 1958 569 2014 quae
614 1940 895 1998 Beroaldi
942 1940 1047 2000 uel
1096 1940 1373 2003 Sabellici
1432 1940 1720 1998 editiones
1778 1939 1924 1998 olet.v
2008 1947 2197 2014 neque
2252 1957 2393 1996 uero
2447 1938 2711 2013 'spondeo

413 2047 510 2090 me
574 2033 730 2092 recte
795 2028 1016 2104 ubique
1081 2029 1347 2092 diuersas
1408 2047 1622 2087 manus
1689 2028 2044 2088 distinxisse.
2118 2030 2181 2085 in
2236 2028 2712 2103 orthographicis

412 2117 677 2178 crebrius
724 2138 904 2194 quam
951 2119 1061 2177 alii
1106 2119 1368 2177 eiusdem
1415 2118 1618 2177 classis
1664 2116 1821 2176 bona
1867 2116 2159 2190 seruauitr,
2207 2135 2360 2191 quae
2406 2120 2713 2192 praeterea

415 2206 482 2267 in
529 2225 605 2266 eo.
644 2207 769 2266 solo
815 2205 1123 2283 probanda
1169 2208 1468 2283 leguntur,
1513 2226 1631 2265 non
1681 2207 2003 2282 archetypo
2043 2204 2344 2278 debentur,
2391 2204 2493 2265 sed
2531 2206 2713 2264 iudici

413 2296 598 2360 alicui
635 2295 902 2355 doctiori.
915 2287 970 2377 4)
1046 2316 1114 2354 ex
1152 2295 1489 2356 recentibus
1535 2295 1705 2354 libris
1742 2297 1941 2372 plures
1988 2297 2182 2353 artam
2222 2312 2357 2353 cum
2392 2295 2451 2352 L
2498 2297 2710 2372 cogna-

415 2387 641 2446 tionem
695 2384 941 2459 habent,
997 2385 1252 2461 indeque
1307 2386 1732 2459 tran-ascriptus
1790 2387 1880 2442 est
1933 2383 2369 2445 Laurentianus
2416 2402 2460 2442 s,
2510 2381 2713 2443 Crucis

418 2474 500 2549 pl.
532 2476 614 2535 20
651 2474 759 2533 sin.
791 2474 915 2533 cod.
948 2477 1006 2532 4.
1143 2475 1219 2533 ad
1256 2476 1313 2532 L
1351 2476 1618 2550 proxime
1649 2464 1961 2553 accedit5),
2000 2473 2103 2531 sed
2140 2473 2319 2549 paulo
2347 2473 2594 2532 inferior
2623 2475 2714 2532 est

415 2562 545 2624 cod.
576 2562 883 2621 Parisinus
933 2563 1130 2639 5801,
1186 2563 1381 2622 medio
1427 2563 1548 2622 fere
1595 2561 1830 2621 saeculo
1877 2562 1995 2619 ΧΠ
2040 2555 2147 2642 (an
2192 2563 2436 2620 ineunte
2448 2557 2506 2641 9)
2567 2564 2713 2621 satis

596 2735 647 2800 1)
687 2732 828 2785 Sunt
848 2736 1035 2785 autem
1054 2733 1210 2799 haec,
1237 2734 1307 2801 de
1327 2732 1530 2801 quibus
1553 2731 1875 2786 conferatur
1902 2732 2192 2785 adnotatio
2220 2731 2439 2787 critica:
2469 2750 2524 2800 p.
2558 2738 2712 2799 19,20

409 2805 744 2873 quinquiens
780 2803 1085 2873 (quinquies
1121 2806 1461 2873 quinquenni
1492 2807 1604 2872 M),
1642 2809 1710 2857 28
1716 2810 1764 2870 ,8
1793 2807 2118 2871 proconsule
2156 2804 2433 2872 (sequitur
2468 2807 2552 2872 et),
2592 2809 2711 2871 66,2

413 2877 525 2929 init
560 2878 681 2943 (mit
710 2877 824 2944 M),
863 2880 945 2942 70,
950 2881 1016 2928 25
1054 2883 1407 2946 qrassaturas
1445 2875 1548 2943 (ita
1583 2877 1733 2928 recte
1772 2877 1837 2927 ut
1878 2879 2034 2943 puto,
2073 2877 2134 2928 at
2169 2875 2267 2928 uix
2304 2894 2370 2928 ex
2408 2875 2711 2944 archetypo

411 2948 743 3028 sumptum),
784 2951 883 3000 113
890 2952 971 3014 ,22
1002 2949 1210 3017 τυμβον
1249 2950 1330 3015 (at
1366 2947 1511 2999 male
1541 2946 1755 2999 ibidem
1785 2950 2045 3015 εισορως).
2113 2947 2256 2999 adde
2295 2950 2543 2999 correcta
2570 2947 2711 3000 bene

416 3018 478 3070 in
513 3016 792 3087 margine.
831 3036 886 3086 p.
917 3023 1002 3084 25,
1007 3024 1037 3070 2
1077 3020 1133 3070 et
1170 3023 1255 3085 83,
1261 3024 1318 3084 7,
1357 3021 1648 3086 praeterea
1686 3018 2123 3100 orthographica
2160 3018 2438 3086 quaedam
2474 3018 2711 3073 leuiora:

418 3107 474 3157 p.
509 3094 536 3141 7
543 3094 627 3156 ,30
679 3092 845 3143 uettio
898 3089 1055 3157 (item
1104 3108 1158 3158 p.
1199 3096 1248 3157 8,
1253 3096 1283 3142 6
1322 3092 1576 3157 uettium,
1629 3092 1689 3142 at
1737 3095 1767 3142 8
1773 3095 1820 3156 ,2
1860 3089 2001 3143 bene
2024 3089 2212 3146 etiam
2254 3092 2329 3153 M
2368 3107 2494 3143 cum
2547 3090 2713 3158 aliis),

410 3167 506 3228 52,
509 3166 539 3213 9
578 3163 806 3228 incluta,
848 3166 912 3213 70
918 3166 966 3227 ,8
998 3179 1034 3215 α
1061 3162 1162 3228 des,
1203 3166 1357 3229 71,26
1387 3164 1459 3215 iis
1488 3164 1573 3230 (us
1606 3161 1719 3226 M¹,
1755 3162 1863 3214 hiis
1895 3160 2007 3228 Μ’,
2043 3163 2129 3215 his
2155 3161 2291 3229 101.,)
2333 3166 2522 3228 104,15
2559 3180 2713 3232 yene-

412 3234 563 3288 tiuo
574 3235 740 3302 (yeni-
776 3232 913 3300 rel.,)
954 3238 1074 3299 159,
1078 3239 1143 3287 20
1182 3234 1453 3287 chariclen
1491 3233 1582 3301 (cf.
1621 3251 1677 3300 p.
1702 3202 1966 3301 ’XLVHI).

598 3305 651 3371 2)
688 3303 811 3356 Η110
848 3320 960 3356 11011
989 3305 1301 3357 rettulerim
1340 3322 1482 3372 quae
1513 3303 1712 3356 Preud'
1716 3303 1937 3357 homme
1972 3302 2296 3372 (Troisieme
2335 3304 2501 3357 etude
2540 3323 2594 3372 p.
2626 3308 2714 3372 23)

418 3375 610 3443 putat:
649 3393 703 3442 p.
735 3380 820 3442 50,
827 3379 858 3427 8
896 3377 1041 3428 hanc
1077 3377 1292 3441 charia,
1337 3381 1422 3443 50,
1428 3382 1457 3428 9
1497 3378 1618 3430 atia
1655 3378 1787 3442 atio,
1827 3381 1982 3442 60,13
2023 3376 2230 3441 adorti,
2278 3380 2364 3442 86,
2368 3383 2432 3428 21
2475 3384 2574 3430 aut
2607 3377 2715 3442 fre-

412 3452 636 3528 quente,
687 3451 806 3513 109,
811 3451 841 3498 9
881 3448 1246 3515 excubiisque,
1297 3446 1396 3499 sed
1438 3448 1588 3514 quod
1640 3447 1736 3498 ille
1788 3446 1968 3499 tacuit
2006 3447 2265 3514 quodque
2304 3447 2552 3499 omnium
2590 3465 2717 3516 gra-

419 3516 718 3571 uissimum
756 3520 859 3584 est,
899 3517 1000 3569 Iul.
1032 3524 1098 3570 24
1137 3536 1190 3585 p.
1224 3525 1341 3585 12,7
1379 3518 1555 3571 uerba
1583 3518 1916 3586 perfecitque
1942 3524 2228 3586 utrumque
2265 3534 2363 3570 suo
2402 3517 2523 3571 loco
2561 3521 2717 3571 mota

416 3605 489 3642 ac
526 3591 656 3657 post
683 3596 1077 3659 proroyaretur
1114 3589 1403 3656 collocata,
1441 3592 1505 3643 ut
1543 3589 1783 3642 correxit
1820 3588 1992 3642 etiam
2026 3589 2103 3643 G³
2138 3591 2311 3656 utque
2360 3607 2427 3641 ex
2465 3590 2717 3643 admoni-

420 3660 574 3713 tione
604 3660 780 3728 Lipsii
810 3660 1134 3713 Torrentius
1165 3660 1361 3728 edidit,
1400 3679 1565 3728 quem
1595 3661 1773 3714 secuti
1804 3663 1935 3713 sunt
1963 3660 2167 3728 plureS.
2233 3660 2316 3713 ita
2345 3660 2493 3713 enim
2522 3679 2714 3715 sensus

419 3730 668 3786 efficitur
703 3731 1032 3798 tolerabilis,
1071 3734 1131 3785 at
1168 3732 1395 3784 minime
1437 3733 1515 3784 sic
1553 3733 1613 3784 in
1652 3733 1956 3800 archetypo
1996 3732 2268 3800 scriptum
2305 3732 2430 3784 fuit.

603 3806 654 3870 3)
711 3802 854 3856 Vide
912 3821 1054 3871 quae
1120 3804 1270 3857 mala
1326 3806 1615 3857 enumerat
1671 3802 2122 3870 Preud’homme,
2188 3803 2491 3857 Troisieme
2550 3804 2715 3858 etude

420 3892 476 3942 p.
507 3878 575 3927 24
597 3891 717 3942 sqq.
768 3891 958 3927 eorum
1011 3877 1200 3927 autem
1256 3891 1399 3942 quae
1450 3878 1740 3942 tamquam
1790 3874 1967 3942 proba
2018 3874 2241 3941 laudat,
2302 3892 2405 3944 ego
2458 3879 2718 3943 quartam

412 3947 639 4014 partem
684 3962 797 3998 non
849 3946 1259 3999 admittendam
1310 3946 1502 4001 censui
1553 3946 1863 4014 dubitoque
1916 3946 1983 3998 de
2037 3946 2163 3998 aliis
2212 3946 2390 4013 (uelut
2434 3965 2488 4015 p.
2520 3952 2715 4016 266,1).

418 4016 640 4084 reliqua
667 4017 970 4071 maximam
999 4020 1217 4086 partem
1246 4016 1518 4071 facillima
1555 4017 1791 4070 inuentu
1827 4020 1884 4070 et
1911 4017 2119 4085 partim
2148 4018 2262 4070 iam
2291 4017 2350 4070 in
2384 4021 2458 4072 M
2479 4020 2717 4073 latentia

414 4087 514 4140 uel
552 4088 724 4140 etiam
760 4088 821 4141 in
860 4088 986 4141 aliis
1024 4089 1396 4142 uetustiorum
1444 4089 1699 4141 extantia
1737 4107 1770 4141 a
1808 4105 2033 4143 censore
2078 4089 2252 4142 medii
2300 4090 2427 4142 aeui
2464 4090 2718 4159 profecta

412 4175 541 4213 esse
579 4176 680 4227 pro
719 4163 869 4213 certo
908 4160 1104 4213 habe0.

602 4233 655 4298 4)
696 4237 760 4283 18
766 4238 814 4297 ,2
853 4233 1247 4302 ρααῶνίηρεηίε
1285 4235 1404 4299 (pro
1444 4196 1751 4300 quadrigyq)
1800 4237 1863 4283 67
1872 4238 1955 4298 ,14
1996 4231 2106 4299 (hic
2146 4231 2365 4285 accedit
2403 4232 2517 4301 ΡΙ),
2560 4238 2645 4300 80,
2652 4240 2714 4286 17

411 4302 594 4371 hylan
623 4304 725 4371 (yl-
743 4273 858 4356 f'ere
889 4303 1024 4370 rel.,)
1057 4309 1176 4369 340,
1182 4308 1244 4355 21
1279 4306 1601 4357 correctione
1631 4307 1751 4370 (pro
1774 4304 2140 4371 correptione).
2190 4304 2340 4371 quod
2370 4307 2498 4358 uini
2526 4309 2625 4356 297
2634 4312 2717 4372 ,15

422 4376 571 4426 recte
609 4373 669 4425 in
707 4390 770 4425 eo
810 4373 1034 4444 legitur,
1073 4374 1176 4426 hoc
1213 4374 1377 4441 parui
1408 4374 1821 4426 aestimandum
1858 4374 2136 4442 fidemque
2177 4375 2559 4445 abrogandam
2598 4391 2716 4429 esse

421 4444 690 4513 uulgatae
738 4443 968 4498 lectioni
1014 4445 1258 4497 faciliori
1304 4448 1460 4500 Iouis
1509 4451 1630 4512 156,
1636 4452 1666 4497 2
1714 4444 1937 4500 litterae
1984 4464 2023 4499 n
2062 4449 2119 4499 et
2154 4466 2193 4500 u
2239 4447 2452 4515 passim
2496 4464 2718 4515 permu-

423 4517 581 4569 tatae
620 4515 757 4568 satis
796 4515 1086 4570 declarant
1123 4516 1328 4584 (Herm.
1361 4522 1427 4569 36
1466 4536 1520 4585 Ρ.
1552 4519 1712 4584 289..)

604 4590 656 4656 5)
696 4585 776 4640 Cf.
817 4606 898 4644 ex.
930 4606 1009 4657 gr.
1040 4606 1094 4655 p.
1126 4593 1299 4654 67,14.
