3325 5209
1093 379 1320 434 DIVVS
1356 380 1741 434 AVGVSTVS
1778 393 1912 442 JGAP.
1944 393 2119 443 13—16]
2639 383 2722 447 57

425 548 672 607 meatus
729 543 1091 626 famemque
1138 545 1716 628 ingrauescentem3
1774 543 1977 609 donec
2021 545 2298 610 nauibus
2345 568 2423 608 ex
2472 547 2723 630 integro

425 649 758 714 fabricatis
787 670 862 714 ac
889 651 1128 736 uiginti
1165 672 1498 715 seruorum
1530 649 1794 715 milibus
1831 653 2239 716 manumissis
2277 657 2342 716 et
2370 653 2450 716 ad
2476 673 2724 716 remum

427 757 592 844 datis
656 761 920 839 portum
985 755 1225 820 Iulium
1292 757 1463 841 apud
1526 757 1718 822 Baias
1785 758 2050 822 inmisso
2116 760 2183 822 in
2246 758 2594 823 Lucrinum
2661 764 2726 824 et

428 861 758 927 Auernum
804 864 1016 927 lacum
1062 863 1225 927 mari
1271 863 1497 927 effecit.
1582 864 1653 926 in
1700 886 1827 947 quo
1876 886 2021 929 cum
2067 865 2275 929 hieme
2323 869 2463 930 tota
2509 866 2725 949 copias

369 997 397 1036 5
428 969 831 1055 exercuisset,
877 969 1256 1054 Pompeium
1314 972 1481 1034 inter
1526 970 1738 1054 Mylas
1793 975 1857 1035 et
1912 970 2324 1036 Naulochum
2381 972 2727 1055 superauit,

429 1076 546 1140 sub
595 1077 820 1140 horam
866 1098 1121 1161 pugnae
1168 1079 1304 1140 tam
1351 1081 1491 1141 arto
1540 1080 1801 1161 repente
1848 1099 2074 1142 somno
2122 1078 2480 1162 deuinctus,
2526 1083 2600 1142 ut
2645 1078 2725 1142 ad

430 1183 708 1247 dandum
755 1183 1011 1269 signum
1068 1182 1147 1247 ab
1206 1184 1426 1248 amicis
1483 1186 1891 1249 excitaretur.
1976 1184 2144 1249 unde
2190 1184 2547 1268 praebitam
2596 1183 2728 1248 An·
2764 1201 2794 1247 2

399 1289 609 1361 ‚tonio
656 1290 990 1353 materiam
1037 1294 1261 1373 putem
1300 1290 1756 1374 exprobrandi:
1801 1312 1894 1355 ne
1939 1293 2174 1355 rectis
2213 1292 2515 1375 quidem
2554 1312 2727 1355 ocu-

428 1396 528 1459 lis
583 1419 745 1460 eum
804 1398 1148 1480 aspicere
1203 1397 1554 1480 potuisse
1618 1397 2083 1462 instructam
2140 1399 2400 1483 aciem,
2464 1420 2726 1473 uerum

342 1531 398 1570 10
428 1504 815 1587 supinum,
872 1504 1165 1567 caelum
1220 1503 1686 1587 intuentem,
1743 1504 2133 1588 stupidum
2189 1504 2545 1570 cubuisse
2590 1526 2726 1569 nec

427 1609 642 1693 prius
690 1610 1122 1674 surrexisse
1176 1630 1261 1674 ac
1307 1610 1700 1674 militibus
1757 1611 1834 1675 in
1883 1616 2377 1696 conspectum
2422 1611 2726 1675 uenisse

429 1739 646 1801 quam
703 1739 740 1780 a
785 1715 871 1781 Μ.
911 1716 1256 1801 Agrippa
1310 1717 1625 1802 fugatae
1681 1717 1839 1782 sint
1891 1718 2232 1783 hostium
2283 1741 2531 1783 naues,
2616 1718 2727 1781 alii

428 1824 669 1888 dictum
709 1822 1087 1906 factumque
1117 1823 1255 1887 eius
1293 1824 1736 1908 criminantur,
1774 1827 1957 1907 quasi
1995 1825 2306 1890 classibus
2342 1828 2728 1909 tempestate

426 1930 698 2014 perditis
736 1930 1192 1994 exclamauerit
1230 1930 1460 1994 etiam
1508 1930 1763 1995 inuito
1799 1930 2162 2015 Neptuno
2199 1932 2612 1996 uictoriam
2650 1954 2727 1996 se
2841 1995 2858 2012 ,

343 2064 396 2104 15
428 2037 904 2121 adepturum,
979 2060 1054 2102 ac
1119 2037 1219 2101 die
1285 2038 1667 2123 circensium
1731 2038 2026 2121 proximo
2092 2038 2390 2103 sollemni
2452 2033 2726 2123 pompae

427 2143 841 2208 simulacrum
888 2144 988 2207 dei
1037 2144 1401 2208 detraxerit.
1474 2166 1593 2209 nec
1628 2148 1870 2210 temere
1917 2145 2105 2229 plura
2151 2167 2225 2209 ac
2271 2147 2518 2208 maiora
2562 2145 2728 2228 peri·
2766 2161 2798 2207 3

428 2250 569 2314 cula
615 2250 752 2315 ullo
800 2250 928 2315 alio
974 2250 1148 2315 bello
1198 2251 1371 2315 adiit.
1456 2253 1727 2316 traiecto
1775 2252 1844 2315 in
1891 2251 2175 2316 Siciliam
2223 2251 2535 2335 exercitu,
2583 2271 2725 2315 cum

424 2361 675 2440 partem
725 2357 1039 2441 reliquam
1086 2359 1418 2443 copiarum
1466 2349 1842 2422 continenti
1872 2362 2208 2443 repeteret,
2257 2380 2601 2444 oppressus
2649 2381 2728 2422 ex

425 2464 757 2547 inprouiso
805 2487 843 2528 a
879 2464 1277 2529 Demochare
1316 2470 1380 2529 et
1416 2465 1874 2549 Apollophane
1912 2464 2257 2551 praefectis
2293 2465 2561 2551 Pompei
2597 2487 2727 2529 uno

339 2598 397 2637 20
426 2571 681 2635 demum
728 2571 990 2657 nauigio
1028 2572 1381 2657 aegerrime
1419 2572 1663 2658 effugit.
1737 2572 1974 2637 iterum
2013 2593 2157 2636 cum
2195 2577 2451 2656 praeter
2486 2572 2728 2636 Locros

425 2676 704 2764 Regium
748 2677 1021 2762 pedibus
1069 2679 1192 2742 iret
1238 2682 1304 2742 et
1349 2677 1713 2763 prospectis
1751 2678 2107 2743 biremibus
2144 2678 2557 2763 Pompeianis
2604 2683 2727 2743 ter-

425 2806 561 2847 ram
618 2784 984 2871 legentibus
1043 2807 1192 2849 suas
1258 2788 1436 2849 ratus
1497 2785 1928 2850 descendisset
1991 2786 2071 2850 ad
2128 2786 2313 2870 litus,
2365 2807 2569 2870 paene
2626 2807 2729 2850 ex-

428 2896 652 2976 ceptus
699 2896 813 2956 est.
897 2895 1052 2955 tunc
1098 2893 1293 2956 etiam
1339 2913 1454 2975 per
1501 2892 1725 2957 deuios
1782 2892 2074 2957 tramites
2129 2892 2555 2978 refugientem
2604 2914 2731 2956 ser-

427 3019 546 3061 uus
602 2996 842 3062 Aemili
896 2998 1082 3061 Pauli
1138 2999 1394 3063 comitis
1452 2998 1616 3081 eius,
1675 2998 1897 3063 dolens
1951 3001 2385 3083 proscriptum
2443 2999 2599 3063 olim
2646 2998 2727 3062 ab

340 3130 399 3170 25
427 3127 501 3169 eo
549 3109 802 3188 patrem
856 3104 1129 3169 Paulum
1186 3109 1252 3169 et
1308 3105 1488 3188 quasi
1543 3106 1876 3170 occasione
1923 3106 2191 3170 ultionis
2238 3105 2480 3190 oblata,
2534 3104 2728 3169 inter-

427 3212 614 3275 ficere
635 3294 643 3303 ι
663 3216 932 3277 conatus
980 3216 1093 3277 est.
1731 3199 1738 3204 ’

603 3316 764 3382 Post
826 3317 1092 3403 Pompei
1155 3318 1378 3404 fugam
1454 3319 1848 3405 collegarum
1922 3319 2196 3384 alterum
2260 3318 2346 3384 M.
2392 3317 2726 3402 Lepidum,
2764 3333 2798 3380 4

427 3446 619 3508 quem
676 3448 755 3488 ex
799 3424 1021 3489 Africa
1076 3426 1147 3490 in
1201 3424 1512 3489 auxilium
1569 3431 1896 3509 euocarat,
1958 3425 2436 3510 superbientem
2489 3424 2728 3510 uiginti

572 3614 636 3661 27
651 3626 771 3677 sqq.
810 3611 879 3677 cf.
924 3611 1074 3664 Oros.
1117 3611 1201 3664 VI
1234 3615 1333 3676 18,
1360 3614 1438 3665 28
1483 3610 1676 3678 ibique
1723 3612 1807 3679 (in
1844 3611 2060 3679 Sicilia)
2100 3610 2375 3679 Lepidum
2422 3627 2490 3664 ex
2537 3608 2728 3662 Africa

430 3689 832 3743 aduentantem
889 3690 1120 3744 obuium
1174 3690 1401 3756 habuit,
1458 3707 1705 3743 summas
1763 3691 1873 3742 sibi
1928 3692 2117 3760 partes
2164 3692 2399 3757 terrore,
2446 3688 2613 3742 minis
2663 3705 2728 3742 ac

429 3770 693 3838 superbia
729 3770 1130 3825 uindicantem.
1218 3773 1306 3825 VI
1337 3775 1425 3836 18,
1456 3775 1528 3824 30
1564 3770 1810 3840 Lepidus
1848 3786 2057 3839 magna
2084 3768 2293 3839 uiginti
2321 3769 2605 3840 legionum
2645 3768 2728 3822 in-

428 3849 669 3903 solentia
704 3852 927 3904 tumens
1012 3852 1100 3906 VI
1129 3854 1230 3917 18,
1259 3855 1332 3905 32
1378 3850 1624 3919 Lepidus
1656 3893 1702 3904 ..
1727 3894 1738 3905 .
1770 3849 2006 3919 supplex
2053 3849 2280 3904 Caesari
2324 3850 2510 3903 factus
2547 3849 2729 3902 uitam

429 3934 489 3983 et
524 3929 674 3984 bona
710 3931 1055 3999 impetrauit,
1095 3933 1368 4000 perpetuo
1407 3930 1635 3997 quidem
1675 3931 2006 3985 amendatus
2046 3930 2229 3984 exilio,

573 4115 605 4161 ὅ
642 4108 807 4162 milas
837 4108 970 4177 (-ias
1001 4109 1158 4178 P1T)
1193 4110 1391 4175 GX'Y,
1427 4094 1657 4176 tmopyl·
1683 4107 1850 4161 milas
1884 4110 1968 4173 M,
2003 4108 2215 4162 milites
2244 4110 2280 4161 ὃ
2389 4113 2419 4160 6
2449 4106 2587 4160 hora
2615 4108 2666 4161 Τ

431 4204 463 4241 e
499 4191 619 4240 tam
657 4191 779 4242 arto
803 4191 890 4255 M,
928 4190 1201 4243 etamarte
1226 4189 1277 4242 G
1316 4189 1512 4257 (etiam
1541 4205 1732 4256 pugne
1763 4190 1885 4241 arto
1915 4190 1970 4258 ὃ)
2079 4187 2337 4241 deuictus
2367 4185 2501 4240 X'Y
2608 4193 2636 4240 7
2677 4188 2729 4241 ei

423 4274 549 4336 post
584 4268 733 4322 unde
770 4270 899 4323 add.
929 4269 1081 4323 PST
1111 4270 1191 4337 (in
1220 4271 1275 4323 P
1310 4270 1478 4323 uerba
1514 4271 1580 4321 ut
1618 4268 1692 4321 ad
1732 4268 1980 4321 dandum
2016 4285 2182 4337 usque
2210 4267 2456 4322 Antonio
2484 4270 2548 4322 in
2585 4286 2728 4323 mar—

430 4347 556 4417 yine
584 4349 781 4402 addita
807 4352 958 4418 sunt)
1098 4355 1163 4401 10
1202 4350 1544 4417 stupendum
1574 4350 1628 4403 V
1759 4354 1821 4401 11
1862 4348 2036 4401 fuisse
2058 4349 2257 4402 LP1S1
2395 4354 2461 4402 16
2502 4348 2728 4402 deinde-

431 4428 666 4481 traxerit
688 4431 761 4484 M
772 4428 848 4494 G,
890 4429 979 4482 die
1011 4429 1316 4483 detraxerit
1347 4431 1399 4482 V
1430 4429 1543 4499 (dei
1573 4431 1635 4481 in
1657 4430 1712 4482 R
1738 4431 1829 4498 ss.)
1977 4434 2042 4482 18
2075 4428 2190 4501 <e>
2222 4428 2533 4482 continenti
2555 4429 2730 4482 Polak

434 4512 500 4560 25
539 4507 778 4562 Paulum
814 4509 914 4563 del.
944 4510 1121 4563 Polak
1160 4510 1333 4580 leyens
1370 4515 1535 4563 antea
1574 4508 1817 4561 dolentis
