3325 5209
1117 404 1335 459 DIVVS
1372 404 1610 459 IVLIVS
1650 417 1782 467 [cAP.
1813 419 1989 468 37—41]
2616 410 2697 472 21

401 567 559 632 duas
618 568 814 651 aciae,
879 568 1217 652 quingenis
1272 568 1626 654 peditibus,
1692 568 2052 653 elephantis
2107 571 2378 655 uicenis,
2442 573 2700 636 tricenis

400 674 729 757 equitibus
777 674 930 739 hinc
975 680 1038 739 et
1085 676 1233 740 inde
1281 677 1658 741 commissis,
1743 699 1892 740 nam
1943 698 2071 760 quo
2116 677 2327 742 laxius
2374 677 2702 744 dimicare-

400 785 536 865 tur,
583 780 873 846 sublatae
919 785 1128 845 metae
1174 782 1369 865 inque
1415 805 1633 846 earum
1680 784 1897 847 locum
1944 784 2097 847 bina
2144 788 2354 848 castra
2398 784 2701 849 exaduer-

400 910 545 952 sum
608 890 961 953 constituta
1020 892 1217 952 erant.
1320 887 1599 953 athletae
1666 890 1873 954 stadio
1940 889 2020 953 ad
2084 893 2339 974 tempus
2405 894 2698 955 extructo

345 1019 369 1060 ⁶
397 995 663 1079 regione
718 995 912 1059 Marti
968 996 1180 1079 campi
1231 998 1640 1060 certauerunt
1694 1017 1810 1080 per
1864 997 2165 1061 triduum.
2247 996 2462 1061 nauali
2518 1018 2698 1082 proe-
2735 1015 2769 1063 4

397 1099 489 1165 lio
546 1102 614 1164 in
669 1102 916 1165 minore
973 1100 1213 1166 Codeta
1259 1102 1514 1167 defosso
1570 1102 1716 1168 lacu
1770 1103 2045 1167 biremes
2091 1125 2167 1167 ac
2212 1103 2501 1169 triremes
2550 1126 2700 1187 qua-

398 1207 835 1292 driremesque
881 1207 1111 1292 Tyriae
1167 1213 1232 1273 et
1284 1207 1647 1293 Aegyptiae
1705 1208 1927 1274 classis
1983 1230 2217 1294 magno
2265 1214 2695 1294 pugnatorum

395 1337 666 1378 numero
725 1314 1166 1379 conflixerunt.
1260 1314 1339 1379 ad
1396 1337 1557 1398 quae
1613 1315 1831 1380 omnia
1878 1315 2241 1400 spectacula
2285 1320 2536 1381 tantum
2583 1339 2696 1380 un-

397 1421 591 1505 dique
639 1421 949 1485 confluxit
993 1421 1348 1504 hominum,
1393 1425 1468 1485 ut
1513 1422 1802 1506 plerique
1850 1422 2130 1487 aduenae
2167 1428 2279 1487 aut
2315 1423 2483 1487 inter
2518 1423 2695 1487 uicos

312 1552 368 1593 10
397 1532 510 1591 aut
565 1528 734 1591 inter
787 1529 926 1591 uias
984 1527 1415 1594 tabernaculis
1474 1528 1709 1613 positis
1766 1533 2126 1612 manerent,
2180 1550 2255 1593 ac
2310 1551 2498 1613 saepe
2543 1552 2695 1612 prae

396 1635 589 1698 turba
633 1634 775 1698 elisi
820 1635 1294 1718 exanimatique
1343 1635 1473 1699 sint
1517 1635 1779 1719 plurimi
1829 1639 1893 1699 et
1939 1635 2006 1699 in
2044 1635 2148 1699 his
2187 1636 2313 1699 duo
2354 1640 2694 1701 senatores,

577 1738 939 1805 Conuersus
976 1740 1130 1804 hinc
1168 1741 1244 1804 ad
1286 1741 1713 1805 ordinandum
1750 1741 1843 1805 rei
1881 1741 2180 1826 publicae
2216 1746 2457 1808 statum
2492 1743 2693 1807 fastos
2711 1740 2804 1807 40

396 1847 675 1911 correxit
729 1848 857 1911 iam
911 1847 1161 1931 pridem
1221 1848 1384 1912 uitio
1432 1848 1818 1931 pontificum
1874 1870 1990 1932 per
2034 1849 2457 1914 intercalandi
2503 1849 2694 1914 licen-

395 1956 554 2018 tiam
611 1954 766 2018 adeo
824 1954 1115 2018 turbatos
1125 2004 1143 2037 ,
1200 1956 1273 2017 ut
1327 1975 1534 2037 neque
1590 1955 1896 2019 messium
1951 1955 2149 2019 feriae
2205 1959 2442 2019 aestate
2487 1977 2694 2038 neque

309 2084 364 2125 15
394 2060 864 2125 uindemiarum
913 2065 1220 2125 autumno
1270 2064 1712 2146 conpeterent3
1759 2082 2126 2144 annumque
2173 2061 2252 2124 ad
2290 2083 2545 2125 cursum
2594 2084 2693 2126 so-

394 2167 476 2231 lis
532 2167 1070 2250 accommodauit,
1125 2170 1198 2229 ut
1256 2170 1690 2233 trecentorum
1739 2167 2070 2252 sexaginta
2117 2167 2400 2251 quinque
2447 2167 2692 2231 dierum

394 2278 562 2338 esset
607 2277 673 2338 et
726 2273 1129 2339 intercalario
1176 2295 1394 2338 mense
1441 2274 1695 2338 sublato
1753 2296 1918 2338 unus
1975 2274 2111 2337 dies
2160 2277 2386 2356 quarto
2436 2295 2691 2357 quoque

395 2401 562 2443 anno
618 2380 1118 2447 intercalaretur.
1214 2402 1342 2465 quo
1400 2384 1614 2445 autem
1672 2380 1878 2466 magis
1932 2381 1999 2443 in
2055 2384 2383 2464 posterum
2442 2401 2520 2443 ex
2567 2378 2692 2443 Ka·
2729 2398 2761 2445 2

393 2486 600 2551 lendis
656 2485 971 2552 Ianuariis
1017 2489 1206 2552 nouis
1255 2491 1622 2571 temporum
1669 2488 1835 2551 ratio
1884 2492 2283 2572 congrueret,
2338 2486 2506 2550 inter
2559 2485 2691 2551 No-

307 2617 364 2657 no
393 2594 724 2658 uembrem
780 2616 853 2659 ac
899 2594 1317 2658 Decembrem
1373 2615 1657 2657 mensem
1713 2592 2031 2657 interiecit
2087 2593 2246 2658 duos
2294 2592 2481 2679 alios3
2542 2594 2689 2657 fuit·

396 2722 520 2784 que
565 2701 622 2765 is
668 2723 899 2783 annus,
948 2722 1075 2783 quo
1122 2700 1280 2765 haec
1326 2700 1907 2784 constituebantur,
1962 2699 2327 2783 quindecim
2373 2700 2689 2764 mensium

394 2829 541 2872 cum
588 2807 996 2872 intercalario
1006 2855 1025 2889 ,
1072 2807 1184 2890 qui
1231 2829 1309 2870 ex
1355 2807 1816 2870 consuetudine
1862 2807 1930 2870 in
1977 2828 2122 2870 eum
2171 2827 2408 2871 annum
2455 2806 2689 2870 incide-

391 2919 509 2979 rat.
585 2900 874 3002 senatum
913 2915 1266 2998 suppleuit,
1313 2914 1617 2997 patricios
1655 2914 1924 2998 adlegit,
1970 2919 2337 2998 praetorum
2386 2912 2686 2977 aedilium
2705 2911 2791 2979 41

395 3025 834 3105 quaestorum,
889 3022 1209 3085 minorum
1259 3020 1454 3084 etiam
1501 3021 1992 3105 magistratuum
2039 3042 2378 3084 numerum
2425 3019 2686 3102 amplia-

307 3150 362 3191 85
391 3127 515 3211 uit3
566 3128 839 3192 nudatos
889 3148 1079 3211 opere
1127 3126 1416 3191 censorio
1466 3129 1577 3190 aut
1624 3127 1940 3190 sententia
1986 3126 2268 3191 iudicum
2319 3126 2394 3189 de
2441 3127 2687 3190 ambitu

392 3234 848 3299 condemnatos
903 3233 1201 3298 restituit.
1296 3234 1558 3298 comitia
1616 3253 1763 3296 cum
1818 3233 2063 3317 populo
2118 3233 2395 3316 partitus
2443 3235 2567 3314 est,
2615 3236 2687 3294 ut
2724 3249 2754 3295 2

391 3342 675 3425 exceptis
732 3341 1101 3406 consulatus
1168 3339 1675 3424 conpetitoribus
1737 3339 1814 3402 de
1876 3344 2086 3404 cetero
2149 3360 2416 3403 numero
2474 3338 2685 3403 candi-

392 3448 687 3512 datorum
733 3469 853 3532 pro
900 3451 1080 3532 parte
1126 3446 1395 3511 dimidia
1441 3468 1603 3530 quos
1646 3447 1930 3531 populus
1967 3445 2164 3510 uellet
2200 3445 2687 3529 pronuntiaren-

389 3561 523 3637 tur,
580 3577 695 3639 pro
752 3558 934 3639 parte
989 3558 1187 3619 altera
1244 3575 1405 3638 quos
1460 3554 1600 3638 ipse
1656 3553 1948 3617 dedisset.
2043 3557 2107 3617 et
2162 3552 2391 3615 edebat
2443 3573 2560 3635 per
2612 3551 2684 3615 li·

305 3682 360 3723 ao
389 3661 596 3726 bellos
645 3661 883 3725 circum
933 3661 1170 3726 tribum
1218 3660 1450 3725 missos
1499 3661 1813 3743 scriptura
1859 3660 2067 3723 breui:
2129 3657 2401 3722 Caesar
2447 3657 2685 3722 dicta-

536 3895 564 3942 1
612 3890 853 3943 trecenis
891 3890 1122 3959 Bentley
1267 3896 1297 3942 3
1337 3889 1643 3943 exaduerso
1691 3892 1749 3940 X
1754 3886 1821 3958 'Q
1964 3894 1995 3941 5
2052 3887 2112 3940 in
2166 3886 2396 3955 regione
2449 3884 2599 3939 'FP’
2614 3884 2685 3938 0²

392 3977 424 4023 6
461 3970 666 4023 minori
703 3971 771 4038 Τ,
821 3986 1032 4024 morem
1068 3973 1115 4023 Τ
1272 3968 1487 4024 cocleta
1528 3968 1605 4033 G,
1668 3967 1856 4039 coclee
1891 3970 1938 4020 Τ
1978 3968 2172 4037 (0οἀορ
2213 3966 2306 4035 Q1)
2470 3970 2498 4017 7
2539 3965 2682 4018 triae

391 4050 465 4103 M
601 4049 809 4105 classes
851 4050 1010 4105 GXO
1155 4055 1220 4103 14
1266 4048 1516 4119 (a)estati
1554 4052 1612 4100 Χ
1616 4046 1700 4100 11²
1745 4054 1795 4101 et
1822 4064 1963 4116 pars
2000 4047 2116 4101 edd.
2267 4051 2331 4099 19
2370 4045 2533 4099 nouis
2584 4047 2681 4101 Ur-

389 4132 572 4199 sinus,
628 4130 792 4184 nobis
835 4133 886 4183 Ω
1049 4135 1116 4182 20
1165 4130 1254 4201 ac]
1303 4132 1361 4184 et
1396 4127 1507 4196 X'Q
1672 4132 1739 4179 25
1786 4129 2012 4180 notatos
2055 4126 2106 4180 G
2270 4125 2548 4179 censorios
2594 4125 2682 4191 T',

390 4226 646 4265 censores
690 4209 762 4266 0²
949 4210 1202 4263 senentia
1244 4211 1339 4275 M,
1407 4207 1612 4263 seuitia
1650 4206 1878 4262 POST
1936 4213 1986 4260 et
2039 4207 2117 4260 sie
2157 4222 2262 4274 pro
2310 4223 2363 4259 u.
2412 4206 2447 4258 l.
2485 4222 2552 4259 88.
2602 4205 2683 4259 L’

391 4296 458 4344 26
497 4290 785 4345 comitiam
814 4290 888 4343 M
894 4292 954 4355 ὃ,
993 4288 1284 4343 comitium
1307 4290 1358 4344 G
1502 4295 1569 4342 28
1608 4287 2065 4341 renuntiarentur
2092 4288 2323 4355 Lipsius
2468 4291 2533 4338 29
2565 4286 2680 4339 edi-

390 4370 567 4425 disset
604 4371 912 4439 Stephanus
1063 4372 1120 4423 et
1157 4387 1258 4425 om.
1293 4372 1368 4424 M
1525 4374 1593 4422 30
1633 4368 1836 4436 cuique
1873 4367 2050 4421 tribui
2089 4369 2208 4421 edd.
2239 4368 2396 4422 Rom.
2429 4368 2520 4432 al„
2576 4365 2681 4419 cir-

390 4468 518 4504 cum
553 4450 735 4505 tribus
771 4451 917 4505 aliae
952 4457 1155 4505 ueteres
1182 4451 1355 4519 (uelut
1383 4451 1510 4504 Ven.
1536 4453 1698 4518 1510)
1737 4456 1788 4503 et
1821 4465 1921 4503 ree.
1954 4448 2233 4517 (tributim
2272 4446 2680 4501 circummissos

389 4531 528 4586 co‘m‘.
569 4532 820 4601 Bentley)
