3325 5209
1074 356 1294 410 DIVVS
1332 355 1714 410 AVGVSTVS
1755 368 1886 416 [cn.
1919 368 2094 416 79—83]
2610 355 2731 420 101

436 518 640 583 calida
685 520 974 583 fomenta
1018 541 1148 584 non
1197 520 1570 603 proderant,
1615 520 1867 604 frigidis
1918 520 2125 583 curari
2171 523 2431 584 coactus
2477 522 2737 584 auctore

432 624 718 690 Antonio
765 625 968 689 Musa.

613 732 935 809 Quasdam
994 736 1059 797 et
1113 733 1580 797 anniuersarias
1638 754 1711 796 ac
1767 737 2056 817 tempore
2115 737 2286 796 certo
2334 736 2732 797 recurrentes
2772 724 2808 796 2²

435 839 908 923 experiebatur3
963 862 1113 903 nam
1171 839 1288 904 sub
1344 840 1625 903 natalem
1684 861 1872 903 suum
1927 840 2306 922 plerumque
2360 839 2735 924 languebat3

380 971 404 1010 5
436 951 499 1010 et
545 947 731 1010 initio
779 946 949 1010 ueris
995 947 1514 1028 praecordiorum
1553 946 1886 1010 inflatione
1924 946 2381 1030 temptabatur,
2428 947 2733 1010 austrinis

432 1058 645 1117 autem
702 1052 1193 1136 tempestatibus
1250 1053 1613 1137 grauedine.
1700 1075 1896 1136 quare
1958 1057 2259 1135 quassato
2317 1075 2581 1138 corpore
2627 1076 2733 1117 ne-

432 1181 555 1241 que
614 1160 858 1242 frigora
915 1181 1122 1242 neque
1182 1163 1395 1223 aestus
1454 1159 1643 1224 facile
1705 1158 2038 1223 tolerabat.
2135 1160 2345 1223 hieme
2406 1160 2731 1242 quaternis
2750 1157 2840 1224 82

433 1287 575 1328 cum
633 1266 862 1351 pingui
925 1270 1079 1351 toga
1135 1265 1369 1330 tunicis
1428 1270 1491 1330 et
1542 1265 1854 1329 subucula
1910 1267 2062 1349 e1t>
2110 1265 2372 1330 thorace
2423 1268 2612 1330 laneo
2670 1271 2733 1331 et

430 1373 842 1436 feminalibus
900 1377 963 1436 et
1010 1372 1343 1436 tibialibus
1391 1372 1827 1457 muniebatur,
1876 1376 2117 1437 aestate
2165 1374 2403 1456 apertis
2451 1372 2731 1436 cubiculi

352 1503 403 1543 ιο
431 1479 678 1543 foribus
726 1501 798 1542 ac
845 1501 1033 1563 saepe
1080 1479 1148 1542 in
1183 1479 1494 1563 peristylo
1547 1480 1813 1544 saliente
1860 1502 2027 1561 aqua
2063 1483 2256 1562 atque
2296 1480 2489 1543 etiam
2527 1479 2732 1543 uenti-

431 1588 602 1650 lante
659 1588 875 1670 aliquo
936 1586 1229 1650 cubabat.
1314 1587 1468 1649 solis
1516 1607 1672 1650 uero
1719 1609 1800 1650 ne
1845 1586 2100 1650 hiberni
2158 1587 2415 1668 quidem
2462 1586 2733 1669 patiens,

431 1692 605 1756 domi
654 1715 912 1776 quoque
949 1715 1083 1757 non
1117 1693 1244 1756 nisi
1280 1697 1608 1776 petasatus
1649 1693 1768 1756 sub
1809 1692 1959 1755 diuo
2012 1692 2429 1776 spatiabatur.
2501 1694 2734 1759 itinera

429 1800 659 1864 lectica
717 1804 782 1862 et
840 1799 1140 1863 noctibus
1200 1799 1333 1863 fere
1393 1821 1595 1881 eaque
1654 1800 1831 1862 lenta
1879 1820 1950 1862 ac
2004 1799 2254 1862 minuta
2299 1799 2604 1877 faciebat,
2659 1805 2732 1864 ut

430 1906 772 1970 Praeneste
827 1907 935 1970 uel
988 1906 1191 1970 Tibur
1254 1906 1451 1970 biduo
1508 1905 1908 1989 procederet3
1972 1888 2046 1968 ac
2101 1907 2155 1968 si
2211 1926 2339 1988 quo
2396 1907 2731 1989 peruenire

350 2037 400 2075 15
429 2014 592 2077 mari
647 2018 892 2097 posset,
947 2014 1164 2096 potius
1228 2012 1596 2098 nauigabat.
1690 2031 1914 2075 uerum
1978 2014 2225 2075 tantam
2288 2012 2726 2077 infirmitatem
2767 2030 2799 2076 2

428 2142 664 2206 magna
709 2141 860 2184 cura
905 2120 1235 2203 tuebatur,
1293 2120 1360 2182 in
1406 2119 1634 2203 primis
1682 2119 1942 2182 lauandi
1987 2118 2275 2201 raritate3
2322 2119 2731 2201 unguebatur

429 2227 598 2291 enim
647 2229 899 2311 saepius
948 2232 1059 2291 aut
1105 2227 1376 2291 sudabat
1423 2227 1505 2289 ad
1549 2227 1904 2309 flammam,
1951 2224 2180 2288 deinde
2227 2224 2732 2308 perfundebatur

429 2334 677 2419 egelida
724 2358 889 2418 aqua
934 2336 1041 2398 uel
1087 2337 1220 2399 sole
1267 2334 1473 2398 multo
1523 2334 1856 2417 tepefacta.
1940 2336 2007 2396 at
2049 2333 2347 2415 quotiens
2383 2353 2728 2395 neruorum

429 2462 620 2504 causa
679 2441 946 2505 marinis
1008 2441 1393 2524 Albulisque
1456 2439 1679 2505 calidis
1744 2439 2056 2504 utendum
2122 2444 2315 2522 esset,
2392 2442 2730 2502 contentus

350 2570 400 2607 20
428 2548 553 2612 hoc
600 2553 735 2612 erat
781 2552 855 2612 ut
900 2548 1180 2612 insidens
1225 2550 1442 2633 ligneo
1491 2548 1674 2630 soli0,
1724 2547 1893 2630 quod
1942 2548 2079 2631 ipse
2125 2544 2479 2629 Hispanico
2526 2544 2728 2608 uerbo

429 2655 720 2718 duretam
770 2656 1062 2737 uocabat,
1107 2676 1336 2718 manus
1385 2676 1458 2718 ac
1502 2654 1697 2737 pedes
1745 2654 2007 2717 alternis
2054 2654 2334 2717 iactaret.

605 2759 1116 2825 Exercitationes
1183 2764 1570 2844 campestres
1635 2781 1945 2842 equorum
2003 2764 2067 2823 et
2123 2780 2445 2823 armorum
2502 2759 2723 2822 statim
2742 2756 2835 2822 83

428 2871 578 2949 post
647 2867 865 2930 ciuilia
924 2868 1093 2931 bella
1153 2867 1372 2930 omisit
1432 2869 1496 2930 et
1556 2867 1635 2929 ad
1695 2867 1896 2950 pilam
1964 2867 2175 2949 primo
2235 2865 2728 2948 folliculumque

427 2974 700 3056 transiit,
746 2996 899 3038 mox
943 2975 1110 3039 nihil
1154 2974 1329 3038 aliud
1376 2996 1570 3056 quam
1607 2972 1984 3037 uectabatur
2022 2978 2085 3037 et
2123 2973 2591 3054 deambulabat,
2637 2969 2728 3034 ita

350 3110 402 3148 25
431 3084 504 3144 ut
550 3081 617 3143 in
664 3082 966 3145 extremis
1023 3082 1248 3165 spatiis
1305 3079 1646 3145 subsultim
1697 3079 2057 3144 decurreret
2102 3080 2433 3145 'ssestertio
2480 3080 2587 3142 uel
2635 3079 2727 3142 lo-

571 3325 598 3370 7
620 3336 739 3387 sqq.
782 3320 1059 3373 Einhard.
1090 3322 1165 3374 23
1202 3335 1269 3372 ex
1306 3318 1551 3387 pellibus
1590 3320 1820 3372 thorace
1860 3318 2113 3373 confecto
2141 3318 2402 3371 humeros
2433 3333 2498 3371 ac
2527 3319 2728 3386 pectus

424 3399 608 3452 hieme
658 3399 1033 3531 muniepasstss'
1118 3401 1250 3453 ibid.
1299 3398 1664 3452 feminalibus
1711 3399 1874 3451 lineis
1921 3398 2287 3465 induebatur,
2335 3398 2538 3452 deinde
2576 3397 2726 3449 tuni-

427 3496 550 3532 cam
593 3523 602 3532 .
639 3522 648 3531 .
683 3522 692 3532 .
735 3481 793 3532 et
828 3480 973 3533 t1b1a
999 3496 1070 3532 ia.

570 3708 600 3752 3
639 3702 1017 3754 uniuersarias
1050 3703 1124 3755 M
1129 3701 1161 3766 ¹,
1202 3701 1585 3755 anniuersario
1615 3704 1737 3770 (om.
1771 3719 1837 3754 ac
1874 3709 1923 3755 et
1960 3704 2130 3772 certo)
2164 3702 2214 3755 G
2360 3706 2390 3753 6
2429 3700 2728 3771 grauidine

431 3783 502 3833 M
508 3781 633 3849 ’ἂρ
776 3782 972 3852 quare]
1013 3782 1202 3849 quada
1234 3780 1329 3835 M²
1483 3787 1515 3834 8
1564 3782 1871 3835 subuculae
1909 3781 2007 3848 (-le
2049 3783 2279 3851 GRST)
2325 3781 2554 3835 thorace
2593 3784 2725 3849 (tor-

428 3860 563 3928 LT)
585 3863 663 3924 Ω,
700 3878 834 3915 corr.
869 3863 1182 3915 Beroaldus
1327 3867 1356 3913 9
1398 3862 1684 3930 adapertis
1725 3863 1819 3930 (da
1856 3864 1919 3915 ifn
1946 3880 2074 3928 raa,
2112 3864 2137 3914 t
2165 3880 2231 3916 ea:
2261 3879 2285 3915 s
2314 3879 2447 3917 corr.
2479 3879 2546 3914 m.
2580 3864 2632 3929 1)
2658 3861 2730 3926 G,

430 3937 578 4005 aptis
625 3941 694 4005 (et
730 3948 844 3993 tum
883 3940 1076 4010 cubili>
1118 3944 1170 3996 V
1311 3946 1376 3993 10
1413 3942 1616 4010 imperi
1638 3942 1787 3995 stilo
1820 3944 1894 3996 M
1902 3942 1976 4011 ¹Q
2021 3942 2265 4013 (imperii
2312 3942 2441 3996 stilo
2484 3943 2619 4010 ΜΖ),
2665 3941 2726 3993 in

430 4018 683 4084 peristilo
714 4019 905 4087 (—stulo
941 4021 1008 4087 G,
1046 4021 1225 4074 -stillo
1262 4024 1336 4091 T)
1374 4023 1466 4075 rel.
1600 4029 1663 4075 12
1705 4039 1928 4090 quoque
1958 4040 2057 4077 om.
2094 4023 2145 4076 G
2270 4025 2589 4091 petassatus
2630 4024 2726 4091 (sic

429 4098 591 4151 etiam
625 4101 696 4166 T)
735 4105 786 4152 et
820 4116 885 4153 sa.
929 4101 1082 4154 disco
1112 4105 1338 4169 opertus
1372 4104 1424 4155 V
1553 4109 1619 4155 13
1659 4106 1716 4156 et
1745 4109 1873 4171 post
1909 4119 2088 4169 eaque
2117 4104 2244 4157 add.
2280 4103 2330 4156 G
2468 4107 2534 4154 14
2569 4101 2728 4154 tibur

438 4180 496 4243 T,
541 4176 717 4230 tiburi
755 4181 863 4246 (ty-
905 4180 1019 4249 GS)
1069 4181 1270 4235 MGX‘
1314 4181 1487 4251 (tibur
1522 4182 1719 4236 ibiduo
1772 4185 1865 4251 V),
1912 4184 2042 4236 inde
2088 4184 2148 4235 in
2192 4183 2365 4236 biduo
2412 4184 2728 4250 suspicatur

434 4257 571 4311 Oud.
692 4265 755 4312 16
786 4259 842 4311 in
884 4277 983 4314 om.
1027 4262 1303 4316 MGVL3
1409 4262 1655 4331 primum
1685 4264 1720 4315 ὃ
1832 4269 1894 4316 17
1937 4265 2060 4334 aut]
2097 4267 2163 4316 ut
2204 4263 2266 4331 Q,
2305 4266 2362 4315 et
2400 4280 2432 4321 ς
2524 4267 2609 4335 ,18
2641 4265 2725 4332 at]

429 4341 529 4391 aut
567 4340 712 4393 Roth
749 4338 863 4408 (ςὲ)
1021 4346 1084 4393 19
1126 4341 1326 4394 calidis
1366 4342 1685 4411 albulisque
1728 4346 1880 4398 Torr.
2031 4349 2096 4396 23
2134 4342 2335 4413 pilam]
2375 4343 2617 4412 primam
2657 4345 2732 4396 M

428 4424 494 4471 25
533 4419 593 4472 in
632 4436 731 4474 om.
757 4420 918 4474 POT
1057 4422 1313 4474 sestertio
1353 4422 1482 4490 (-cio
1525 4423 1742 4492 GQRS,
1780 4424 1891 4477 ises
1930 4424 2104 4478 tercio
2144 4424 2214 4490 L,
2253 4422 2516 4477 sextertio
2552 4425 2625 4493 T)
2655 4426 2734 4488 Ω,

427 4502 675 4568 segestro
718 4501 1000 4566 Cuz'acius,
1039 4501 1311 4569 segestria
1350 4503 1494 4556 Roth
