3325 5209
615 427 749 490 220
1317 396 1372 480 c]
1415 426 1730 480 svarom
1767 425 2212 490 TRANQVILLI

617 591 929 654 uxoribus
968 590 1145 655 tulit:
1185 612 1264 654 ex
1291 589 1703 674 Vrgulanilla
1731 589 2013 652 Drusum
2056 593 2119 653 et
2151 587 2505 674 Claudiam,
2537 610 2614 651 ex
2650 587 2921 652 Paetina

620 696 1000 782 Antoniam,
1059 719 1137 761 ex
1182 696 1531 761 Messalina
1578 696 1913 761 Octauiam
1972 700 2034 759 et
2083 718 2273 779 quem
2329 696 2540 779 primo
2592 694 2920 759 Germani-

622 826 794 886 cum,
858 826 1011 867 mox
1068 803 1513 867 Britannicum
1581 803 2080 887 cognominauit.
2176 802 2463 866 Drusum
2510 801 2918 886 †pompeium

619 911 927 995 puberem
983 911 1202 974 amisit
1255 911 1399 994 piro
1455 932 1571 994 per
1623 910 1840 973 lusum
1888 910 1956 973 in
2004 910 2279 973 sublime
2336 910 2574 973 iactato
2628 912 2692 972 et
2736 907 2921 971 hiatu

622 1018 753 1081 oris
816 1021 1082 1101 excepto
1144 1017 1647 1102 strangulatum,
1710 1038 1854 1080 cum
1917 1016 1974 1079 ei
2036 1020 2183 1080 ante
2240 1037 2478 1100 paucos
2536 1015 2671 1079 dies
2719 1015 2920 1077 filiam
2977 1039 3002 1079 5

625 1122 839 1187 Seiani
897 1123 1358 1209 despondisset.
1433 1145 1573 1207 ‚quo
1635 1123 1844 1207 magis
1907 1123 2108 1187 miror
2167 1122 2367 1186 fuisse
2426 1123 2535 1206 qui
2597 1122 2921 1184 traderent

621 1230 846 1294 fraude
902 1253 938 1294 a
987 1229 1218 1294 Seiano
1272 1234 1588 1294 necatum.
1684 1228 2020 1294 Claudiam
2081 1252 2154 1293 ex
2218 1229 2454 1293 liberto
2513 1251 2630 1292 suo
2689 1228 2922 1292 Botere

624 1341 1025 1421 conceptam,
1096 1336 1392 1421 quamuis
1456 1340 1605 1399 ante
1668 1337 1967 1420 quintum
2029 1357 2315 1400 mensem
2378 1335 2645 1399 diuortii
2705 1338 2921 1397 natam

624 1444 837 1528 alique
894 1447 1215 1526 coeptam,
1273 1444 1506 1526 exponi
1560 1446 1779 1506 tamen
1835 1442 1916 1506 ad
1973 1443 2195 1506 matris
2254 1444 2509 1505 ianuam
2566 1446 2629 1505 et
2685 1441 2922 1504 nudam

554 1566 585 1611 2
626 1551 815 1613 iussit
872 1550 1054 1613 abici.
1147 1549 1500 1613 Antoniam
1551 1549 1659 1613 Cn.
1701 1548 2011 1633 Pompeio
2071 1549 2339 1633 Magno,
2400 1548 2626 1611 deinde
2680 1547 2921 1612 Fausto
2954 1572 3005 1611 ιο

628 1655 861 1740 Sullae,
907 1656 1332 1720 nobilissimis
1381 1656 1743 1739 iuuenibuS,
1792 1654 2124 1720 Octauiam
2161 1655 2409 1720 Neroni
2455 1654 2757 1738 priuigno
2806 1676 2922 1718 suo

629 1763 989 1845 collocauit,
1039 1762 1258 1827 Silano
1308 1767 1455 1826 ante
1494 1763 1895 1847 desponsam.
1972 1762 2417 1826 Britannicum
2457 1761 2766 1825 uicesimo
2809 1761 2924 1824 im-

627 1870 790 1953 perii
838 1869 940 1933 die
988 1870 1179 1954 inque
1218 1870 1497 1934 secundo
1538 1870 1876 1934 consulatu
1916 1873 2138 1932 natum
2184 1868 2310 1933 sibi
2349 1868 2693 1952 paruulum
2732 1867 2923 1931 etiam

628 1979 768 2038 tum
816 1979 879 2039 et
925 1976 1121 2039 militi
1168 1999 1286 2060 pro
1341 1977 1638 2041 contione
1687 1976 1985 2040 manibus
2030 1977 2163 2039 suis
2202 1980 2463 2060 gestans
2502 1981 2567 2039 et
2602 1975 2774 2059 plebi
2813 1995 2928 2058 per

631 2084 992 2166 spectacula
1039 2085 1286 2168 gremio
1336 2087 1445 2146 aut
1494 2087 1641 2149 ante
1691 2106 1757 2147 se
1805 2083 2090 2147 retinens
2139 2083 2393 2146 assidue
2437 2081 2925 2146 commendabat
2955 2105 3004 2144 15

627 2188 987 2273 faustisque
1016 2190 1428 2273 om<i>nibus
1459 2212 1603 2254 cum
1645 2189 2142 2254 adclamantium
2177 2189 2370 2253 turba
2398 2189 2922 2274 prosequebatur.

631 2317 664 2358 e
710 2296 962 2380 generis
1010 2296 1337 2362 Neronem
1385 2298 1738 2380 adoptauit,
1783 2296 2164 2380 Pompeium
2214 2300 2408 2380 atque
2457 2294 2745 2359 Silanum
2792 2317 2925 2358 non

629 2404 952 2466 recusauit
998 2404 1209 2487 modo,
1256 2404 1368 2467 sed
1416 2408 1476 2467 et
1524 2404 1868 2467 interemit.

524 2505 613 2570 28
806 2504 1217 2574 Libe'rtorum
1265 2511 1605 2594 praecipue
1653 2511 1943 2594 suspexit
1990 2510 2268 2574 Posiden
2315 2510 2689 2593 spadonem,
2737 2530 2925 2591 quem

632 2615 823 2678 etiam
881 2617 1257 2681 Britannico
1314 2617 1644 2700 triumpho
1702 2617 1870 2680 inter
1926 2617 2237 2681 militares
2294 2618 2471 2680 uiros
2526 2616 2715 2679 hasta
2768 2638 2929 2698 pura
2957 2638 3010 2678 πο

633 2722 923 2807 donauit3
969 2744 1086 2786 nec
1132 2724 1346 2787 minus
1392 2723 1692 2808 Felicem,
1742 2745 1931 2807 quem
1980 2723 2357 2787 cohortibus
2407 2728 2470 2787 et
2508 2723 2628 2786 alis
2667 2723 2925 2807 prouin-

779 2965 811 3011 3
868 2960 1103 3029 Eutrop.
1157 2962 1279 3016 VII
1314 2966 1409 3028 13,
1433 2966 1466 3014 3
1513 2961 1629 3013 filio
1661 3005 1672 3014 .
1699 3004 1743 3014 ..
1777 2978 1876 3014 suo
1923 2960 2236 3014 Britannici
2285 2977 2486 3014 nomen
2533 2961 2817 3030 imposuit.

637 3046 700 3093 19
715 3059 832 3109 sqq.
866 3041 1020 3109 Epit.
1053 3046 1104 3107 4,
1127 3048 1160 3096 7
1199 3058 1265 3094 ex
1303 3043 1506 3109 quibus
1547 3043 1792 3111 (libertis)
1833 3041 2076 3095 Felicem
2123 3040 2441 3110 legionibus
2487 3042 2730 3094 Iudaeae
2767 3057 2925 3110 prae-

632 3121 783 3175 fecit.
844 3122 1099 3175 Possidio
1140 3124 1236 3190 (sic
1272 3123 1362 3175 uel
1389 3121 1737 3188 Possidonio,
1769 3121 2083 3174 Possidioni
2111 3122 2282 3187 codd„
2312 3120 2611 3174 Posidonio
2643 3122 2927 3188 Landols.)

634 3202 888 3255 eunucho
926 3205 1055 3271 post
1084 3202 1429 3271 triumphum
1460 3202 1846 3255 Britannicum
1875 3202 2023 3254 inter
2049 3201 2382 3254 militarium
2410 3201 2744 3255 fortissimos
2774 3218 2930 3255 arma

633 3282 884 3351 insignia
921 3286 1194 3351 tanquam
1223 3282 1493 3351 participi
1530 3282 1805 3335 uictoriae
1845 3282 1989 3334 dono
2029 3282 2201 3334 dedit.
2260 3282 2431 3335 Schol.
2463 3282 2592 3335 qu.
2626 3287 2709 3348 14,
2729 3287 2796 3336 91
2838 3282 2929 3333 hic

633 3362 862 3415 Posides
903 3364 1093 3431 spado,
1132 3362 1367 3414 libertus
1398 3361 1597 3415 Claudi
1635 3362 2009 3430 imperatoriS,
2049 3365 2243 3414 tantae
2283 3362 2501 3431 gratiae
2541 3366 2598 3416 et
2636 3363 2929 3430 potentiae

633 3440 760 3508 fuit,
800 3444 864 3494 ut
894 3458 1021 3495 eum
1051 3441 1316 3495 Claudius
1345 3442 1405 3493 in
1434 3442 1759 3495 Britannico
1789 3442 2075 3510 triumpho
2106 3442 2254 3495 inter
2283 3441 2555 3495 militares
2586 3443 2736 3496 uiros
2765 3442 2930 3495 hasta

634 3539 776 3589 pura
814 3522 1486 3586 donauerit,‘cohortibus
1526 3537 1748 3589 quoque
1787 3524 1844 3574 et
1883 3520 1987 3574 alis
2026 3522 2463 3591 prouinciaeque
2491 3521 2733 3576 Iudaeae
2770 3539 2928 3591 prae-

634 3602 910 3669 posuerit,
950 3601 1153 3655 lectica
1189 3618 1290 3670 per
1325 3603 1522 3655 urbem
1558 3603 1825 3654 uectandi
1865 3602 2299 3669 spectaculaque
2337 3602 2562 3671 publice
2601 3603 2804 3657 edendi
2842 3603 2929 3655 ius

635 3681 912 3734 tribuerit.
970 3681 1178 3749 legitur
1215 3682 1274 3734 in
1313 3682 1594 3736 Suetonio.

783 3919 809 3964 1
850 3911 1180 3965 erculanilla
1217 3913 1394 3980 (herc-
1425 3915 1493 3978 L,
1533 3929 1651 3981 erg·
1684 3914 1804 3981 ST>
1835 3917 1886 3966 Ω,
2049 3920 2079 3966 3
2121 3913 2377 3982 Pompeis
2417 3913 2763 3981 impuberem
2792 3914 2927 3980 Lip-

633 3996 776 4057 siae,
828 3993 1231 4061 propemodum
1277 4011 1330 4060 p.
1381 3993 1639 4057 Ursinus,
1697 4010 1871 4061 prope
1922 3994 2035 4046 iam
2088 4012 2139 4061 p.
2181 3996 2439 4063 Bentley,
2491 4010 2665 4062 prope
2715 3996 2836 4046 tum
2877 4010 2928 4060 p.

635 4074 903 4127 Biicheler
1011 4079 1042 4123 5
1081 4089 1208 4125 cum
1247 4072 1299 4125 ei
1327 4073 1575 4139 Lipsius,
1613 4073 1704 4126 cui
1744 4077 1800 4125 et
1829 4076 1879 4125 Ω
1993 4079 2019 4125 7
2061 4074 2151 4143 ex]
2182 4075 2247 4125 ut
2284 4074 2519 4127 Ursinus
2634 4072 2828 4126 botore
2862 4072 2930 4138 G,

637 4154 827 4206 Sotere
860 4153 1148 4206 Reinesius
1311 4157 1341 4204 9
1382 4152 1599 4221 aliqum«
1634 4154 1722 4217 M,
1769 4152 1979 4220 aliique
2012 4155 2076 4220 P,
2116 4152 2306 4220 aliquo
2341 4153 2432 4207 ΤΒ
2593 4159 2656 4205 12
2697 4153 2931 4221 despon-

639 4236 820 4285 satam
854 4234 1085 4298 HRLT,
1124 4233 1192 4298 cf.
1225 4233 1334 4285 Iul.
1367 4239 1395 4284 1
1513 4238 1575 4284 13
1615 4232 1784 4299 inque
1824 4233 2015 4301 (inquo
2046 4234 2179 4302 LP)
2220 4234 2464 4287 secundo
2504 4233 2800 4287 consulatu
2829 4233 2927 4286 del.

637 4313 982 4382 Nipperdey,
1012 4320 1138 4380 post
1178 4312 1286 4365 sibi
1323 4314 1547 4367 collocat
1579 4313 1825 4378 Clinton,
1863 4311 1923 4364 in
1954 4311 2015 4376 Q.
2049 4312 2290 4366 Secundi
2320 4313 2614 4367 consulatu
2643 4315 2932 4367 Lehmann

638 4390 753 4459 (Cn.
779 4392 1079 4446 Saturnino
1101 4392 1162 4457 Q.
1186 4392 1438 4446 Secundo
1470 4410 1643 4446 conss,
1682 4394 1951 4459 Valeton);
1981 4395 2381 4448 distinctionem
2410 4397 2650 4448 mutauit
2668 4394 2933 4447 Biicheler

639 4473 726 4538 (cf.
759 4475 963 4541 comm.)
1149 4479 1213 4526 15
1267 4475 1366 4526 aut
1412 4490 1513 4527 om.
1550 4474 1600 4527 G
1785 4478 1849 4525 16
1903 4473 2159 4526 omnibus
2204 4475 2444 4541 (omibus
2486 4475 2566 4543 P)
2597 4476 2673 4539 Ω,
2723 4490 2857 4528 corr.
2899 4490 2931 4531 ς

638 4553 775 4618 (edd.
817 4554 1024 4621 prino.)
1173 4560 1236 4605 19
1275 4552 1539 4622 possiden
1570 4553 1686 4607 MS
1827 4558 1890 4605 21
1934 4556 1991 4606 et
2029 4553 2159 4625 alis]
2198 4554 2353 4607 italis
2387 4555 2438 4609 G
