<?xml version="1.0" encoding="UTF-8"?>
<!DOCTYPE html PUBLIC "-//W3C//DTD XHTML 1.0 Transitional//EN"
    "http://www.w3.org/TR/xhtml1/DTD/xhtml1-transitional.dtd">
<html xmlns="http://www.w3.org/1999/xhtml" xml:lang="en" lang="en">
 <head>
  <title>
</title>
<meta http-equiv="Content-Type" content="text/html;charset=utf-8" />
  <meta name='ocr-system' content='tesseract 3.04.00' />
  <meta name='ocr-capabilities' content='ocr_page ocr_carea ocr_par ocr_line ocrx_word'/>
</head>
<body>
  <div class='ocr_page' id='page_1' title='image "./csvetonitranqui00unkngoog_0371.png"; bbox 0 0 3325 5209; ppageno 0'>
   <div class='ocr_carea' id='block_1_1' title="bbox 1350 376 2770 443">
    <p class='ocr_par' dir='ltr' id='par_1_1' title="bbox 1350 376 2770 443">
     <span class='ocr_line' id='line_1_1' title="bbox 1350 376 2770 443; baseline 0.006 -14"><span class='ocrx_word' id='word_1_1' title='bbox 1350 376 1545 430; x_wconf 90' lang='lat' dir='ltr'>OTHO</span> <span class='ocrx_word' id='word_1_2' title='bbox 1585 388 1718 438; x_wconf 65' lang='lat' dir='ltr'>[cu.</span> <span class='ocrx_word' id='word_1_3' title='bbox 1742 390 1806 429; x_wconf 89' lang='lat'>11.</span> <span class='ocrx_word' id='word_1_4' title='bbox 1826 389 1897 436; x_wconf 76' lang='lat'>12]</span> <span class='ocrx_word' id='word_1_5' title='bbox 2300 392 2301 397; x_wconf 78' lang='grc'>’</span> <span class='ocrx_word' id='word_1_6' title='bbox 2632 379 2770 443; x_wconf 78' lang='grc'>293</span> 
     </span>
    </p>
   </div>
   <div class='ocr_carea' id='block_1_2' title="bbox 411 539 2771 1480">
    <p class='ocr_par' dir='ltr' id='par_1_2' title="bbox 465 539 2771 947">
     <span class='ocr_line' id='line_1_2' title="bbox 467 539 2771 626; baseline 0.002 -24"><span class='ocrx_word' id='word_1_7' title='bbox 467 540 707 604; x_wconf 90' lang='lat' dir='ltr'>maiore</span> <span class='ocrx_word' id='word_1_8' title='bbox 751 539 1063 604; x_wconf 86' lang='lat' dir='ltr'>miraculo</span> <span class='ocrx_word' id='word_1_9' title='bbox 1110 540 1320 604; x_wconf 87' lang='lat' dir='ltr'>fuerit.</span> <span class='ocrx_word' id='word_1_10' title='bbox 1404 540 1593 604; x_wconf 92' lang='lat' dir='ltr'>multi</span> <span class='ocrx_word' id='word_1_11' title='bbox 1634 541 2069 625; x_wconf 87' lang='lat' dir='ltr'>praesentium</span> <span class='ocrx_word' id='word_1_12' title='bbox 2115 540 2398 605; x_wconf 86' lang='lat' dir='ltr'>militum</span> <span class='ocrx_word' id='word_1_13' title='bbox 2445 563 2590 606; x_wconf 89' lang='lat' dir='ltr'>cum</span> <span class='ocrx_word' id='word_1_14' title='bbox 2626 543 2771 626; x_wconf 92' lang='lat' dir='ltr'>plu-</span> 
     </span>
     <span class='ocr_line' id='line_1_3' title="bbox 466 628 2763 732; baseline 0.001 -22"><span class='ocrx_word' id='word_1_15' title='bbox 466 628 631 711; x_wconf 85' lang='lat' dir='ltr'>rimo</span> <span class='ocrx_word' id='word_1_16' title='bbox 687 647 846 712; x_wconf 88' lang='lat' dir='ltr'>fletu</span> <span class='ocrx_word' id='word_1_17' title='bbox 899 669 1129 711; x_wconf 91' lang='lat' dir='ltr'>manus</span> <span class='ocrx_word' id='word_1_18' title='bbox 1184 669 1258 710; x_wconf 89' lang='lat' dir='ltr'>ac</span> <span class='ocrx_word' id='word_1_19' title='bbox 1315 647 1508 730; x_wconf 88' lang='lat' dir='ltr'>pedes</span> <span class='ocrx_word' id='word_1_20' title='bbox 1569 634 1839 712; x_wconf 87' lang='lat' dir='ltr'>iacentis</span> <span class='ocrx_word' id='word_1_21' title='bbox 1900 648 2280 732; x_wconf 79' lang='lat' dir='ltr'>exosculati,</span> <span class='ocrx_word' id='word_1_22' title='bbox 2341 649 2763 714; x_wconf 87' lang='lat' dir='ltr'>fortissimum</span> 
     </span>
     <span class='ocr_line' id='line_1_4' title="bbox 465 742 2766 839; baseline 0.002 -22"><span class='ocrx_word' id='word_1_23' title='bbox 465 755 697 837; x_wconf 87' lang='lat' dir='ltr'>uirum,</span> <span class='ocrx_word' id='word_1_24' title='bbox 741 754 1003 817; x_wconf 88' lang='lat' dir='ltr'>unicum</span> <span class='ocrx_word' id='word_1_25' title='bbox 1061 755 1515 838; x_wconf 72' lang='lat' dir='ltr'><strong>imperatorem</strong></span> <span class='ocrx_word' id='word_1_26' title='bbox 1561 755 2030 839; x_wconf 81' lang='lat' dir='ltr'>praedicantes,</span> <span class='ocrx_word' id='word_1_27' title='bbox 2086 755 2324 819; x_wconf 83' lang='lat' dir='ltr'><strong>ibidem</strong></span> <span class='ocrx_word' id='word_1_28' title='bbox 2382 757 2601 820; x_wconf 87' lang='lat' dir='ltr'>statim</span> <span class='ocrx_word' id='word_1_29' title='bbox 2646 742 2766 822; x_wconf 82' lang='lat' dir='ltr'>nec</span> 
     </span>
     <span class='ocr_line' id='line_1_5' title="bbox 466 859 2763 947; baseline 0.001 -23"><span class='ocrx_word' id='word_1_30' title='bbox 466 862 694 944; x_wconf 83' lang='lat' dir='ltr'>procul</span> <span class='ocrx_word' id='word_1_31' title='bbox 740 884 777 924; x_wconf 90' lang='lat' dir='ltr'>a</span> <span class='ocrx_word' id='word_1_32' title='bbox 821 882 981 945; x_wconf 85' lang='lat' dir='ltr'>rogo</span> <span class='ocrx_word' id='word_1_33' title='bbox 1029 861 1161 924; x_wconf 91' lang='lat' dir='ltr'>uim</span> <span class='ocrx_word' id='word_1_34' title='bbox 1214 882 1364 925; x_wconf 89' lang='lat' dir='ltr'>suae</span> <span class='ocrx_word' id='word_1_35' title='bbox 1409 859 1583 924; x_wconf 90' lang='lat' dir='ltr'>uitae</span> <span class='ocrx_word' id='word_1_36' title='bbox 1621 860 2006 947; x_wconf 59' lang='lat' dir='ltr'>attuleruntg</span> <span class='ocrx_word' id='word_1_37' title='bbox 2053 863 2242 926; x_wconf 90' lang='lat' dir='ltr'>multi</span> <span class='ocrx_word' id='word_1_38' title='bbox 2289 865 2355 926; x_wconf 91' lang='lat' dir='ltr'>et</span> <span class='ocrx_word' id='word_1_39' title='bbox 2401 861 2763 926; x_wconf 86' lang='lat' dir='ltr'>absentium</span> 
     </span>
    </p>

    <p class='ocr_par' dir='ltr' id='par_1_3' title="bbox 411 967 2767 1480">
     <span class='ocr_line' id='line_1_6' title="bbox 411 967 2765 1051; baseline -0 -18"><span class='ocrx_word' id='word_1_40' title='bbox 411 993 436 1033; x_wconf 81' lang='lat'>5</span> <span class='ocrx_word' id='word_1_41' title='bbox 466 970 731 1051; x_wconf 87' lang='lat' dir='ltr'>accepto</span> <span class='ocrx_word' id='word_1_42' title='bbox 776 968 1006 1031; x_wconf 92' lang='lat' dir='ltr'>nuntio</span> <span class='ocrx_word' id='word_1_43' title='bbox 1064 988 1218 1050; x_wconf 89' lang='lat' dir='ltr'>prae</span> <span class='ocrx_word' id='word_1_44' title='bbox 1266 967 1486 1031; x_wconf 90' lang='lat' dir='ltr'>dolore</span> <span class='ocrx_word' id='word_1_45' title='bbox 1543 969 1738 1032; x_wconf 89' lang='lat' dir='ltr'>armis</span> <span class='ocrx_word' id='word_1_46' title='bbox 1796 968 1989 1033; x_wconf 72' lang='lat' dir='ltr'>interv</span> <span class='ocrx_word' id='word_1_47' title='bbox 2018 991 2086 1033; x_wconf 89' lang='lat' dir='ltr'>se</span> <span class='ocrx_word' id='word_1_48' title='bbox 2141 969 2221 1033; x_wconf 90' lang='lat' dir='ltr'>ad</span> <span class='ocrx_word' id='word_1_49' title='bbox 2266 969 2765 1034; x_wconf 76' lang='lat' dir='ltr'>internecionem</span> 
     </span>
     <span class='ocr_line' id='line_1_7' title="bbox 466 1074 2767 1162; baseline 0 -24"><span class='ocrx_word' id='word_1_50' title='bbox 466 1078 941 1138; x_wconf 90' lang='lat' dir='ltr'>concurrerunt.</span> <span class='ocrx_word' id='word_1_51' title='bbox 1026 1074 1301 1157; x_wconf 87' lang='lat' dir='ltr'>denique</span> <span class='ocrx_word' id='word_1_52' title='bbox 1346 1096 1581 1161; x_wconf 83' lang='lat' dir='ltr'>magna</span> <span class='ocrx_word' id='word_1_53' title='bbox 1624 1097 1773 1159; x_wconf 89' lang='lat' dir='ltr'>pars</span> <span class='ocrx_word' id='word_1_54' title='bbox 1819 1074 2156 1139; x_wconf 89' lang='lat' dir='ltr'>hominum</span> <span class='ocrx_word' id='word_1_55' title='bbox 2202 1075 2589 1140; x_wconf 90' lang='lat' dir='ltr'>incolumem</span> <span class='ocrx_word' id='word_1_56' title='bbox 2626 1098 2767 1162; x_wconf 87' lang='lat' dir='ltr'>gra-</span> 
     </span>
     <span class='ocr_line' id='line_1_8' title="bbox 463 1167 2766 1268; baseline 0 -25"><span class='ocrx_word' id='word_1_57' title='bbox 463 1180 732 1245; x_wconf 88' lang='lat' dir='ltr'>uissime</span> <span class='ocrx_word' id='word_1_58' title='bbox 780 1180 1093 1245; x_wconf 87' lang='lat' dir='ltr'>detestata</span> <span class='ocrx_word' id='word_1_59' title='bbox 1139 1181 1468 1245; x_wconf 88' lang='lat' dir='ltr'>mortuum</span> <span class='ocrx_word' id='word_1_60' title='bbox 1514 1167 1814 1246; x_wconf 84' lang='lat' dir='ltr'>laudibus</span> <span class='ocrx_word' id='word_1_61' title='bbox 1861 1174 2042 1266; x_wconf 84' lang='lat' dir='ltr'>tulit,</span> <span class='ocrx_word' id='word_1_62' title='bbox 2092 1186 2165 1246; x_wconf 91' lang='lat' dir='ltr'>ut</span> <span class='ocrx_word' id='word_1_63' title='bbox 2212 1182 2410 1268; x_wconf 86' lang='lat' dir='ltr'>uulgo</span> <span class='ocrx_word' id='word_1_64' title='bbox 2458 1183 2766 1248; x_wconf 87' lang='lat' dir='ltr'>iactatum</span> 
     </span>
     <span class='ocr_line' id='line_1_9' title="bbox 468 1271 2767 1374; baseline 0.003 -25"><span class='ocrx_word' id='word_1_65' title='bbox 468 1287 553 1350; x_wconf 93' lang='lat' dir='ltr'>sit</span> <span class='ocrx_word' id='word_1_66' title='bbox 599 1288 820 1371; x_wconf 85' lang='lat' dir='ltr'>etiam,</span> <span class='ocrx_word' id='word_1_67' title='bbox 869 1286 1137 1352; x_wconf 81' lang='lat' dir='ltr'>Galbam</span> <span class='ocrx_word' id='word_1_68' title='bbox 1188 1287 1269 1351; x_wconf 86' lang='lat' dir='ltr'>ab</span> <span class='ocrx_word' id='word_1_69' title='bbox 1316 1310 1392 1352; x_wconf 91' lang='lat' dir='ltr'>eo</span> <span class='ocrx_word' id='word_1_70' title='bbox 1440 1271 1748 1352; x_wconf 83' lang='lat' dir='ltr'>nontam</span> <span class='ocrx_word' id='word_1_71' title='bbox 1797 1288 2168 1353; x_wconf 84' lang='lat' dir='ltr'>dominandi</span> <span class='ocrx_word' id='word_1_72' title='bbox 2215 1311 2408 1373; x_wconf 91' lang='lat' dir='ltr'>quam</span> <span class='ocrx_word' id='word_1_73' title='bbox 2455 1291 2549 1355; x_wconf 89' lang='lat' dir='ltr'>rei</span> <span class='ocrx_word' id='word_1_74' title='bbox 2594 1314 2655 1374; x_wconf 87' lang='lat' dir='ltr'>p.</span> <span class='ocrx_word' id='word_1_75' title='bbox 2694 1314 2767 1357; x_wconf 87' lang='lat' dir='ltr'>ac</span> 
     </span>
     <span class='ocr_line' id='line_1_10' title="bbox 464 1392 2021 1480; baseline 0.003 -24"><span class='ocrx_word' id='word_1_76' title='bbox 464 1392 785 1459; x_wconf 72' lang='lat' dir='ltr'>libertatis</span> <span class='ocrx_word' id='word_1_77' title='bbox 832 1395 1262 1459; x_wconf 75' lang='lat' dir='ltr'>restituendae</span> <span class='ocrx_word' id='word_1_78' title='bbox 1311 1417 1502 1460; x_wconf 85' lang='lat' dir='ltr'>causa</span> <span class='ocrx_word' id='word_1_79' title='bbox 1547 1395 2021 1480; x_wconf 87' lang='lat' dir='ltr'>interemptum.</span> 
     </span>
    </p>
   </div>
   <div class='ocr_carea' id='block_1_3' title="bbox 466 1521 893 1527">
    <p class='ocr_par' dir='ltr' id='par_1_4' title="bbox 466 1521 893 1527">
     <span class='ocr_line' id='line_1_11' title="bbox 466 1521 893 1527; baseline 0 0"><span class='ocrx_word' id='word_1_80' title='bbox 466 1521 893 1527; x_wconf 95' lang='lat' dir='ltr'> </span> 
     </span>
    </p>
   </div>
   <div class='ocr_carea' id='block_1_4' title="bbox 467 1572 2765 1722">
    <p class='ocr_par' dir='ltr' id='par_1_5' title="bbox 467 1572 2765 1722">
     <span class='ocr_line' id='line_1_12' title="bbox 611 1572 2765 1661; baseline 0.002 -20"><span class='ocrx_word' id='word_1_81' title='bbox 611 1594 638 1641; x_wconf 92' lang='lat'>1</span> <span class='ocrx_word' id='word_1_82' title='bbox 679 1588 835 1661; x_wconf 68' lang='lat' dir='ltr'>Epit.</span> <span class='ocrx_word' id='word_1_83' title='bbox 868 1592 919 1653; x_wconf 86' lang='lat'>7,</span> <span class='ocrx_word' id='word_1_84' title='bbox 946 1591 985 1641; x_wconf 81' lang='lat'><strong><em>2</em></strong></span> <span class='ocrx_word' id='word_1_85' title='bbox 1014 1587 1155 1640; x_wconf 82' lang='lat' dir='ltr'>adeo</span> <span class='ocrx_word' id='word_1_86' title='bbox 1194 1587 1454 1641; x_wconf 87' lang='lat' dir='ltr'>amabilis</span> <span class='ocrx_word' id='word_1_87' title='bbox 1501 1586 1780 1641; x_wconf 82' lang='lat' dir='ltr'>militibus</span> <span class='ocrx_word' id='word_1_88' title='bbox 1826 1589 2094 1658; x_wconf 83' lang='lat' dir='ltr'>propriis,</span> <span class='ocrx_word' id='word_1_89' title='bbox 2141 1592 2206 1643; x_wconf 91' lang='lat' dir='ltr'>ut</span> <span class='ocrx_word' id='word_1_90' title='bbox 2245 1572 2499 1659; x_wconf 85' lang='lat' dir='ltr'>plerique</span> <span class='ocrx_word' id='word_1_91' title='bbox 2539 1609 2765 1661; x_wconf 86' lang='lat' dir='ltr'>corpore</span> 
     </span>
     <span class='ocr_line' id='line_1_13' title="bbox 467 1667 1573 1722; baseline 0 -2"><span class='ocrx_word' id='word_1_92' title='bbox 467 1667 587 1721; x_wconf 90' lang='lat' dir='ltr'>eius</span> <span class='ocrx_word' id='word_1_93' title='bbox 623 1667 747 1720; x_wconf 89' lang='lat' dir='ltr'>uiso</span> <span class='ocrx_word' id='word_1_94' title='bbox 787 1667 903 1720; x_wconf 89' lang='lat' dir='ltr'>suis</span> <span class='ocrx_word' id='word_1_95' title='bbox 941 1668 1202 1721; x_wconf 90' lang='lat' dir='ltr'>manibus</span> <span class='ocrx_word' id='word_1_96' title='bbox 1240 1667 1573 1722; x_wconf 82' lang='lat' dir='ltr'>interierint.</span> 
     </span>
    </p>
   </div>
   <div class='ocr_carea' id='block_1_5' title="bbox 465 1844 2768 2320">
    <p class='ocr_par' dir='ltr' id='par_1_6' title="bbox 465 1844 2765 1994">
     <span class='ocr_line' id='line_1_14' title="bbox 612 1844 2765 1916; baseline 0.003 -19"><span class='ocrx_word' id='word_1_97' title='bbox 612 1850 639 1897; x_wconf 92' lang='lat'>1</span> <span class='ocrx_word' id='word_1_98' title='bbox 680 1844 893 1899; x_wconf 86' lang='lat' dir='ltr'>maiore</span> <span class='ocrx_word' id='word_1_99' title='bbox 925 1847 1061 1911; x_wconf 85' lang='lat' dir='ltr'>MX‚</span> <span class='ocrx_word' id='word_1_100' title='bbox 1100 1844 1299 1897; x_wconf 87' lang='lat' dir='ltr'>maiori</span> <span class='ocrx_word' id='word_1_101' title='bbox 1334 1846 1657 1916; x_wconf 74' lang='lat' dir='ltr'>GT(uu19.)</span> <span class='ocrx_word' id='word_1_102' title='bbox 1829 1852 1860 1899; x_wconf 80' lang='lat'><strong>2</strong></span> <span class='ocrx_word' id='word_1_103' title='bbox 1899 1847 2138 1901; x_wconf 86' lang='lat' dir='ltr'>osculati</span> <span class='ocrx_word' id='word_1_104' title='bbox 2166 1848 2217 1902; x_wconf 79' lang='lat' dir='ltr'><strong><em>G</em></strong></span> <span class='ocrx_word' id='word_1_105' title='bbox 2380 1855 2411 1903; x_wconf 87' lang='lat'>5</span> <span class='ocrx_word' id='word_1_106' title='bbox 2450 1850 2765 1904; x_wconf 89' lang='lat' dir='ltr'>internitio-</span> 
     </span>
     <span class='ocr_line' id='line_1_15' title="bbox 465 1925 2634 1994; baseline 0.004 -17"><span class='ocrx_word' id='word_1_107' title='bbox 465 1940 596 1977; x_wconf 91' lang='lat' dir='ltr'>nem</span> <span class='ocrx_word' id='word_1_108' title='bbox 625 1929 684 1978; x_wconf 88' lang='lat' dir='ltr'><em>X</em></span> <span class='ocrx_word' id='word_1_109' title='bbox 820 1928 851 1977; x_wconf 84' lang='grc'><strong>6</strong></span> <span class='ocrx_word' id='word_1_110' title='bbox 891 1925 1212 1994; x_wconf 87' lang='lat' dir='ltr'>gratissime</span> <span class='ocrx_word' id='word_1_111' title='bbox 1246 1925 1297 1978; x_wconf 76' lang='lat' dir='ltr'><strong><em>G</em></strong></span> <span class='ocrx_word' id='word_1_112' title='bbox 2629 1980 2634 1985; x_wconf 88' lang='lat'>.</span> 
     </span>
    </p>

    <p class='ocr_par' dir='ltr' id='par_1_7' title="bbox 467 2005 2768 2320">
     <span class='ocr_line' id='line_1_16' title="bbox 609 2005 2767 2081; baseline 0.003 -24"><span class='ocrx_word' id='word_1_113' title='bbox 609 2005 810 2059; x_wconf 75' lang='lat' dir='ltr'>subscr.</span> <span class='ocrx_word' id='word_1_114' title='bbox 850 2022 894 2058; x_wconf 93' lang='lat' dir='ltr'>c.</span> <span class='ocrx_word' id='word_1_115' title='bbox 927 2006 1147 2059; x_wconf 89' lang='lat' dir='ltr'>suetoni</span> <span class='ocrx_word' id='word_1_116' title='bbox 1192 2006 1487 2073; x_wconf 82' lang='lat' dir='ltr'>tranquilli</span> <span class='ocrx_word' id='word_1_117' title='bbox 1535 2007 1603 2060; x_wconf 90' lang='lat' dir='ltr'>de</span> <span class='ocrx_word' id='word_1_118' title='bbox 1651 2007 1775 2060; x_wconf 87' lang='lat' dir='ltr'>uita</span> <span class='ocrx_word' id='word_1_119' title='bbox 1813 2012 2043 2062; x_wconf 69' lang='lat' dir='ltr'>caesarii</span> <span class='ocrx_word' id='word_1_120' title='bbox 2081 2008 2214 2062; x_wconf 91' lang='lat' dir='ltr'>otho</span> <span class='ocrx_word' id='word_1_121' title='bbox 2253 2010 2451 2078; x_wconf 86' lang='lat' dir='ltr'>explic.</span> <span class='ocrx_word' id='word_1_122' title='bbox 2490 2011 2641 2081; x_wconf 75' lang='lat' dir='ltr'>incip</span> <span class='ocrx_word' id='word_1_123' title='bbox 2681 2012 2767 2064; x_wconf 88' lang='lat' dir='ltr'>ui-</span> 
     </span>
     <span class='ocr_line' id='line_1_17' title="bbox 467 2083 2676 2159; baseline 0.004 -22"><span class='ocrx_word' id='word_1_124' title='bbox 467 2083 660 2138; x_wconf 84' lang='lat' dir='ltr'>tellius</span> <span class='ocrx_word' id='word_1_125' title='bbox 696 2084 939 2139; x_wconf 80' lang='lat' dir='ltr'>feliciter</span> <span class='ocrx_word' id='word_1_126' title='bbox 969 2088 1044 2140; x_wconf 88' lang='lat' dir='ltr'><strong><em>M</em></strong></span> <span class='ocrx_word' id='word_1_127' title='bbox 1075 2093 1124 2140; x_wconf 84' lang='lat' dir='ltr'>et</span> <span class='ocrx_word' id='word_1_128' title='bbox 1159 2089 1278 2140; x_wconf 77' lang='lat' dir='ltr'>sim.</span> <span class='ocrx_word' id='word_1_129' title='bbox 1310 2088 1478 2142; x_wconf 84' lang='lat' dir='ltr'>PHR</span> <span class='ocrx_word' id='word_1_130' title='bbox 1513 2086 1778 2156; x_wconf 88' lang='lat' dir='ltr'>(feliciter</span> <span class='ocrx_word' id='word_1_131' title='bbox 1815 2084 1916 2142; x_wconf 71' lang='lat' dir='ltr'>o&#39;m.</span> <span class='ocrx_word' id='word_1_132' title='bbox 1948 2089 2019 2154; x_wconf 80' lang='lat' dir='ltr'>R,</span> <span class='ocrx_word' id='word_1_133' title='bbox 2056 2088 2165 2142; x_wconf 92' lang='lat' dir='ltr'>inc.</span> <span class='ocrx_word' id='word_1_134' title='bbox 2203 2088 2304 2142; x_wconf 88' lang='lat' dir='ltr'>uit.</span> <span class='ocrx_word' id='word_1_135' title='bbox 2344 2089 2438 2144; x_wconf 88' lang='lat' dir='ltr'>fel.</span> <span class='ocrx_word' id='word_1_136' title='bbox 2474 2108 2574 2145; x_wconf 87' lang='lat' dir='ltr'>om.</span> <span class='ocrx_word' id='word_1_137' title='bbox 2605 2093 2676 2159; x_wconf 92' lang='lat' dir='ltr'>P)</span> 
     </span>
     <span class='ocr_line' id='line_1_18' title="bbox 468 2165 2768 2239; baseline 0.003 -22"><span class='ocrx_word' id='word_1_138' title='bbox 468 2165 602 2218; x_wconf 85' lang='lat' dir='ltr'>otho</span> <span class='ocrx_word' id='word_1_139' title='bbox 642 2165 888 2234; x_wconf 76' lang='lat' dir='ltr'>explicit.</span> <span class='ocrx_word' id='word_1_140' title='bbox 927 2166 1132 2235; x_wconf 86' lang='lat' dir='ltr'>incipit</span> <span class='ocrx_word' id='word_1_141' title='bbox 1167 2166 1419 2221; x_wconf 87' lang='lat' dir='ltr'>uitellius</span> <span class='ocrx_word' id='word_1_142' title='bbox 1453 2168 1504 2221; x_wconf 76' lang='lat' dir='ltr'><em>G</em></span> <span class='ocrx_word' id='word_1_143' title='bbox 1541 2175 1591 2222; x_wconf 81' lang='lat' dir='ltr'>et</span> <span class='ocrx_word' id='word_1_144' title='bbox 1625 2169 1738 2234; x_wconf 80' lang='lat' dir='ltr'>fere</span> <span class='ocrx_word' id='word_1_145' title='bbox 1772 2169 1833 2238; x_wconf 73' lang='lat' dir='ltr'>Q,</span> <span class='ocrx_word' id='word_1_146' title='bbox 1873 2171 1969 2238; x_wconf 79' lang='lat' dir='ltr'>qui</span> <span class='ocrx_word' id='word_1_147' title='bbox 2006 2169 2135 2223; x_wconf 82' lang='lat' dir='ltr'>add.</span> <span class='ocrx_word' id='word_1_148' title='bbox 2175 2168 2418 2224; x_wconf 87' lang='lat' dir='ltr'>feliciter</span> <span class='ocrx_word' id='word_1_149' title='bbox 2535 2170 2768 2239; x_wconf 83' lang='lat' dir='ltr'>explicit</span> 
     </span>
     <span class='ocr_line' id='line_1_19' title="bbox 467 2244 2448 2320; baseline 0.005 -24"><span class='ocrx_word' id='word_1_150' title='bbox 467 2244 565 2301; x_wconf 91' lang='lat' dir='ltr'>lib.</span> <span class='ocrx_word' id='word_1_151' title='bbox 596 2245 740 2300; x_wconf 89' lang='lat' dir='ltr'>VIII.</span> <span class='ocrx_word' id='word_1_152' title='bbox 814 2246 1017 2316; x_wconf 87' lang='lat' dir='ltr'>incipit</span> <span class='ocrx_word' id='word_1_153' title='bbox 1054 2247 1125 2302; x_wconf 88' lang='lat' dir='ltr'>de</span> <span class='ocrx_word' id='word_1_154' title='bbox 1161 2246 1380 2301; x_wconf 89' lang='lat' dir='ltr'>uitellio</span> <span class='ocrx_word' id='word_1_155' title='bbox 1417 2246 1512 2301; x_wconf 88' lang='lat' dir='ltr'>lib.</span> <span class='ocrx_word' id='word_1_156' title='bbox 1545 2247 1702 2301; x_wconf 92' lang='lat' dir='ltr'><strong>VIIII</strong></span> <span class='ocrx_word' id='word_1_157' title='bbox 1738 2249 1838 2303; x_wconf 80' lang='lat' dir='ltr'>LS</span> <span class='ocrx_word' id='word_1_158' title='bbox 1870 2250 1961 2318; x_wconf 87' lang='lat' dir='ltr'>(de</span> <span class='ocrx_word' id='word_1_159' title='bbox 1997 2248 2217 2303; x_wconf 88' lang='lat' dir='ltr'>uitellio</span> <span class='ocrx_word' id='word_1_160' title='bbox 2256 2268 2355 2304; x_wconf 89' lang='lat' dir='ltr'>om.</span> <span class='ocrx_word' id='word_1_161' title='bbox 2386 2249 2448 2320; x_wconf 78' lang='lat' dir='ltr'>S)</span> 
     </span>
    </p>
   </div>
  </div>
 </body>
</html>
