3325 5209
585 390 716 455 310
1188 412 1194 417 ·
1288 391 1342 446 C.
1384 391 1699 446 SVETONI
1735 392 2186 457 TRANQVILLI

583 554 660 618 de
707 554 1091 639 imperatore
1137 554 1453 639 RomanO,
1508 559 1831 638 quantum
1877 559 2103 639 postea
2149 560 2386 620 euentu
2431 556 2666 641 paruit,
2715 579 2892 639 prae-

584 660 828 725 dictum
882 659 1101 725 Iudaei
1163 661 1244 725 ad
1299 684 1366 726 se
1421 661 1747 726 trahentes
1807 661 2202 727 rebellarunt
2261 684 2570 747 caesoque
2625 685 2889 747 praepo-

586 767 712 832 sito
768 767 1054 853 legatum
1115 769 1377 852 insuper
1434 766 1657 851 Syriae
1717 768 2117 833 consularem
2183 769 2520 853 suppetias
2585 769 2891 834 ferentem

579 879 764 957 rapta
829 874 1044 957 aquila
1107 873 1517 960 fugauerunt.
1630 874 1709 938 ad
1773 875 1948 940 hunc
2014 879 2265 940 motum
2341 875 2890 959 comprimendum

585 1001 731 1044 cum
780 980 1059 1045 exercitu
1107 982 1415 1065 ampliore
1462 986 1525 1045 et
1569 1003 1704 1046 non
1749 982 2080 1049 instrenuo
2123 981 2303 1066 duce,
2353 982 2455 1045 cui
2494 985 2709 1046 tamen
2746 986 2887 1045 tuto
2944 1005 2971 1046 ⁶

584 1091 765 1151 tanta
823 1108 923 1151 res
985 1086 1518 1172 committeretur,
1579 1106 1742 1172 opus
1804 1090 1988 1171 esset,
2049 1088 2188 1172 ipse
2251 1086 2665 1171 potissimum
2729 1087 2890 1152 dele-

585 1198 726 1258 ctus
782 1198 880 1259 est
935 1198 1009 1257 ut
1062 1197 1127 1258 et
1174 1194 1524 1259 industriae
1571 1198 1871 1279 expertae
1917 1214 2035 1259 nec
2080 1195 2469 1260 metuendus
2513 1195 2648 1261 ullo
2696 1195 2887 1258 modo

587 1302 669 1365 ob
715 1300 1149 1365 humilitatem
1196 1301 1448 1387 generis
1496 1322 1569 1365 ac
1612 1301 1913 1366 nominis.
2007 1300 2241 1365 additis
2287 1301 2492 1386 igitur
2540 1301 2621 1364 ad
2669 1302 2886 1386 copias

587 1407 833 1472 duabus
886 1407 1267 1493 legionibus,
1328 1411 1474 1473 octo
1533 1407 1670 1492 alis,
1727 1406 2100 1472 cohortibus
2158 1408 2405 1491 decem,
2461 1411 2658 1491 atque
2721 1408 2889 1472 inter

584 1515 832 1599 legatos
879 1514 1119 1577 maiore
1165 1513 1302 1577 filio
1350 1518 1701 1598 assumptO,
1749 1517 1823 1577 ut
1867 1515 2150 1597 primum
2198 1514 2606 1598 prouinciam
2645 1515 2883 1599 attigit,
2915 1536 2972 1580 ιο

584 1620 909 1705 proximas
967 1642 1225 1704 quoque
1281 1622 1603 1685 conuertit
1657 1620 1728 1684 in
1774 1641 1859 1701 se,
1916 1626 2205 1687 correcta
2258 1621 2479 1685 statim
2528 1625 2884 1686 castrorum

585 1727 950 1811 disciplina,
1003 1748 1260 1811 unoque
1318 1732 1383 1791 et
1428 1727 1630 1791 altero
1679 1726 1925 1810 proelio
1973 1730 2107 1790 tam
2156 1732 2531 1792 constanter
2578 1728 2760 1813 inito,
2814 1733 2889 1792 ut

586 1835 653 1897 in
702 1834 1185 1919 oppugnatione
1234 1833 1479 1897 castelli
1525 1833 1760 1918 lapidis
1809 1834 2008 1898 ictum
2058 1855 2227 1919 genu
2269 1837 2579 1917 scutoque
2618 1835 2886 1919 sagittas

587 1940 840 2023 aliquot
886 1941 1223 2024 exceperit.

764 2046 922 2111 Post
965 2046 1289 2111 Neronem
1340 2045 1737 2130 Galbamque
1785 2045 2039 2112 Othone
2087 2068 2161 2111 ac
2200 2046 2472 2114 Vitellio
2522 2047 2598 2110 de
2645 2047 2883 2131 princi·
2916 2064 2969 2106 ιε»

585 2157 742 2237 patu
801 2153 1194 2218 certantibus
1253 2155 1323 2217 in
1378 2175 1558 2238 spem
1614 2154 1848 2238 inperii
1896 2155 2077 2219 uenit
2125 2155 2255 2218 iam
2302 2154 2553 2238 pridem
2600 2152 2725 2218 sibi
2773 2175 2888 2237 per

587 2260 746 2324 haec
792 2264 1047 2325 ostenta
1091 2266 1484 2345 conceptam.

764 2366 842 2432 In
878 2368 1244 2432 suburbano
1276 2367 1647 2432 Flauiorum
1687 2390 1960 2452 quercus
1999 2368 2286 2451 antiqua,
2327 2390 2490 2451 quae
2528 2371 2664 2432 erat
2691 2366 2887 2430 Marti

587 2495 779 2557 sacra,
840 2496 957 2558 per
1014 2478 1146 2537 tres
1190 2473 1539 2557 Vespasiae
1599 2479 1825 2559 partus
1892 2475 2184 2559 singulos
2248 2479 2514 2559 repente
2575 2497 2785 2538 ramos
2851 2496 2887 2536 a

589 2580 819 2646 frutice
868 2581 1057 2664 dedit,
1103 2580 1276 2645 haud
1324 2580 1519 2645 dubia
1567 2582 1752 2667 signa
1797 2581 2002 2645 futuri
2052 2582 2363 2664 cuiusque
2409 2580 2558 2645 fati:
2605 2582 2885 2664 primum
2917 2598 2973 2638 20

588 2688 819 2750 exilem
867 2691 931 2750 et
979 2688 1106 2752 cito
1148 2688 1515 2771 arefactum,
1561 2688 1835 2772 ideoque
1884 2687 2099 2771 puella
2135 2692 2286 2751 nata
2322 2709 2453 2751 non
2489 2688 2887 2771 perannauit,

588 2794 935 2857 secundum
974 2794 1415 2876 praeualidum
1454 2816 1528 2858 ac
1566 2795 1894 2878 prolixum
1935 2798 1997 2857 et
2039 2796 2151 2876 qui
2182 2816 2481 2879 magnam
2510 2793 2887 2857 felicitatem

588 2899 1017 2983 portenderet,
1045 2902 1308 2964 tertium
1339 2922 1492 2965 uero
1523 2902 1728 2965 instar
1758 2901 2025 2964 arboriS.
2093 2922 2287 2984 quare
2309 2904 2554 2984 patrem
2577 2892 2888 2963 Sabinum

732 3047 896 3108 4sqq.
930 3042 1111 3094 Victor
1142 3041 1289 3095 Caes
1329 3045 1382 3105 8,
1406 3046 1434 3093 1
1464 3039 1800 3093 Iudaeorum
1836 3039 2004 3106 bello,
2044 3039 2195 3107 quod
2224 3038 2468 3093 Neronis
2507 3039 2664 3092 iussu
2702 3056 2886 3091 susce-

586 3124 764 3189 perat.
805 3121 873 3186 cf.
909 3120 1056 3175 Oros.
1092 3122 1215 3173 VII
1246 3126 1298 3186 9,
1320 3125 1354 3174 3
1392 3119 1465 3172 ad
1501 3119 1602 3172 hos
1634 3121 1911 3189 (Iudaeos)
1941 3119 2322 3187 Vespasianus
2363 3136 2397 3172 a
2426 3118 2645 3172 Nerone
2684 3119 2887 3171 missus

588 3201 767 3269 (Hier.
797 3202 980 3254 chron.
1010 3220 1061 3255 a.
1090 3203 1274 3269 2034).
1425 3206 1452 3252 7
1503 3201 1686 3254 Victor
1726 3202 1874 3255 Caes,
1906 3203 1962 3266 8,
1986 3203 2020 3252 4
2065 3199 2438 3267 Vespasianus
2476 3215 2627 3252 noua
2665 3200 2889 3252 senator

590 3280 809 3335 familia
849 3323 896 3334 ..
920 3323 931 3334 .
978 3280 1257 3333 industria
1304 3280 1580 3347 rebusque
1629 3280 1788 3348 pacis
1837 3296 1903 3333 ac
1948 3278 2191 3332 militiae
2241 3279 2412 3347 longe
2457 3278 2663 3332 nobilis
2714 3278 2888 3332 habe-

588 3361 774 3415 batur.
848 3363 914 3428 cf.
955 3363 1029 3414 ad
1062 3379 1121 3429 p.
1154 3365 1280 3426 306,
1311 3364 1345 3413 3
1543 3366 1574 3412 8
1596 3377 1717 3428 sqq.
1761 3360 1910 3413 Oros.
1944 3361 2064 3414 VII
2097 3364 2147 3425 9,
2177 3364 2212 3413 3
2259 3359 2452 3412 Titum
2497 3358 2678 3411 filium
2726 3376 2885 3410 suum

589 3440 859 3494 maiorem
895 3442 1043 3494 inter
1080 3440 1296 3510 legatos
1334 3439 1560 3505 habuit3
1616 3456 1750 3493 nam
1795 3439 2004 3492 multas
2058 3438 2116 3491 et
2150 3438 2373 3491 ualidas
2409 3438 2662 3508 legiones
2701 3455 2889 3491 secum

591 3521 650 3574 in
689 3520 909 3589 Syriam
944 3521 1184 3574 traiecit.
1333 3525 1396 3572 11
1436 3521 1504 3586 cf.
1546 3522 1783 3588 Eutrop.
1827 3520 1949 3572 VII
1985 3523 2076 3584 20,
2098 3524 2129 3572 1
2178 3518 2422 3588 diligens
2468 3560 2479 3571 .
2513 3560 2524 3571 .
2557 3560 2569 3572 .
2623 3518 2891 3572 coercitor

591 3600 925 3670 disciplinae
962 3600 1223 3654 militaris
1263 3601 1351 3669 (cf.
1392 3617 1511 3669 cap.
1541 3603 1614 3668 8).

736 3732 763 3779 1
802 3727 1001 3793 postea
1037 3726 1213 3778 uentu
1253 3726 1348 3791 M,
1402 3726 1608 3778 euentu
1644 3726 1844 3792 postea
1883 3728 1945 3777 Π
1978 3727 2139 3793 (pars
2176 3724 2317 3789 edd.)
2536 3721 2801 3791 apparuit
2839 3726 2889 3789 δ,

589 3806 777 3875 patuit
805 3823 838 3864 ς
976 3813 1005 3856 2
1036 3804 1390 3858 debellarunt
1426 3808 1485 3870 T,
1522 3803 1864 3858 rebellarant
1892 3806 2126 3873 Bentley
2265 3808 2296 3855 5
2326 3819 2453 3855 cum
2482 3802 2627 3875 (et)
2657 3804 2891 3874 Bentley

591 3893 619 3938 7
650 3886 964 3939 industriae
993 3888 1254 3953 expertae
1281 3884 1407 3954 HQ,
1445 3883 1727 3937 industria
1757 3883 1974 3952 experti
2005 3884 2153 3949 MR,
2191 3883 2473 3935 industria
2503 3885 2762 3951 expertus
2787 3882 2898 3936 GX

590 3973 621 4019 9
658 3965 977 4036 legionibus
1015 3966 1232 4019 duabus
1272 3971 1323 4019 et
1359 3971 1474 4018 tum
1512 3963 1905 4018 coherentibus
1952 3964 2003 4018 G
2150 3969 2217 4016 10
2252 3962 2607 4031 prouinciam
2644 3960 2888 4034 <suam>

594 4047 659 4101 G.
691 4047 898 4102 Becker
1078 4052 1143 4098 12
1181 4062 1293 4098 uno
1332 4061 1555 4112 quoque
1586 4044 1694 4113 HQ
1733 4045 1929 4115 (παῖς.)
2114 4050 2179 4097 13
2217 4044 2336 4095 ictu
2370 4043 2445 4095 Μ
2621 4046 2891 4111 scutoque

591 4129 830 4197 sagittas
859 4132 918 4180 X
941 4128 1259 4196 (scutosque
1288 4125 1405 4194 12¹),
1446 4127 1602 4178 scuto
1634 4124 1987 4193 sagittasque
2022 4126 2107 4191 M,
2147 4125 2416 4190 scutoque
2446 4122 2797 4192 sagittasque
2822 4122 2888 4187 G,

592 4211 749 4262 scuto
790 4207 1028 4276 sagittas
1070 4210 1117 4260 Y
1153 4208 1362 4276 (παῖς),
1404 4206 1561 4258 scuto
1600 4204 1840 4273 sagittas
1879 4204 2189 4276 <quo>que
2228 4204 2496 4257 Bz‘c'cheler
2641 4208 2707 4255 18
2746 4218 2891 4269 quae

591 4288 799 4359 11²QR,
831 4295 957 4357 post
993 4303 1152 4340 sacra
1188 4287 1347 4340 habet
1374 4285 1429 4351 S,
1458 4291 1588 4353 post
1625 4286 1746 4338 erat
1774 4287 1940 4353 ponit
1968 4285 2219 4353 Bentley,
2257 4300 2356 4337 om.
2386 4285 2478 4336 rel.
2511 4284 2620 4352 (Ω),
2659 4283 2787 4335 inde
2825 4298 2893 4335 ea

585 4376 711 4436 post
755 4385 913 4421 sacra
957 4369 1135 4435 suppl.
1180 4366 1247 4420 G.
1279 4366 1510 4431 Becker,
1561 4381 1708 4432 quae
1756 4367 1878 4417 erat
1922 4365 1985 4417 in
2030 4366 2233 4432 optimo
2278 4364 2393 4418 cod.
2442 4364 2617 4417 deesse
2663 4368 2892 4416 testatur

599 4450 750 4503 Torr.
790 4448 1026 4515 deletque
1071 4448 1304 4500 Ernesti
1467 4451 1532 4498 19
1588 4446 1820 4513 repente
1859 4461 1960 4498 om.
2000 4448 2057 4496 X
2088 4444 2237 4513 (add.
2269 4443 2369 4512 L')
2542 4460 2614 4495 an
2659 4441 2891 4496 frutices

591 4529 841 4596 Lipsius,
880 4543 914 4579 a
949 4527 1147 4580 fomite
1188 4526 1438 4593 GujetuS,
1476 4541 1511 4578 a
1545 4525 1738 4579 radice
1777 4526 2010 4594 Bentley
2156 4528 2223 4577 20
2263 4523 2443 4577 edidit
2480 4524 2714 4593 Bentley
