3325 5209
632 418 764 481 242
1335 417 1389 472 C.
1432 418 1745 472 SVETONI
1781 416 2224 484 TRANQVILLI

631 581 868 646 ibidem
917 582 1168 664 saepius
1216 585 1281 645 et
1327 603 1442 665 per
1489 580 1849 664 complures
1897 582 2181 644 cantauit
2217 580 2378 661 dies;
2427 584 2688 664 sumpto
2728 581 2922 644 etiam

632 689 711 751 ad
755 688 1160 751 reficiendam
1207 708 1432 751 uocem
1478 686 1661 751 breui
1708 693 2018 772 tempore,
2064 687 2403 770 impatiens
2459 688 2685 750 secreti
2733 710 2770 749 a
2816 687 2923 749 ba-

627 796 815 858 lineis
876 794 945 857 in
1002 794 1324 858 theatrum
1387 795 1645 859 transiit
1703 795 2039 877 mediaque
2094 795 2161 857 in
2216 794 2542 858 orchestra
2588 793 2921 876 frequente

626 901 869 985 populo
900 900 1212 985 epulatus,
1242 902 1304 964 si
1333 902 1644 984 paulum
1676 900 2179 983 subbibisset,
2210 900 2504 983 aliquid
2539 923 2614 964 se
2644 899 2922 963 sufferi

558 1024 591 1072 3
629 1009 1091 1072 tinniturum
1121 1005 1359 1071 Graeco
1390 1030 1682 1072 sermone
1701 1009 2016 1091 promisit.
2091 1011 2313 1092 captus
2334 1011 2546 1070 autem
2575 1007 2920 1070 modulatis
2983 1033 3008 1072 5

627 1113 1209 1178 Alexandrinorum
1266 1114 1773 1198 laudationibuS,
1830 1116 1943 1197 qui
1997 1115 2074 1177 de
2129 1137 2299 1178 nouo
2347 1118 2708 1178 commeatu
2754 1113 2918 1176 Nea-

625 1221 828 1304 polim
895 1221 1368 1303 confluxerant,
1434 1221 1648 1305 plures
1708 1221 2094 1285 Alexandria
2158 1221 2468 1285 euocauit.
2570 1242 2776 1302 neque
2843 1241 2916 1284 eo

631 1329 890 1413 segnius
948 1327 1459 1395 adulescentulos
1518 1329 1834 1410 equestris
1891 1328 2130 1391 ordinis
2185 1334 2248 1391 et
2304 1328 2585 1410 quinque
2641 1326 2916 1409 amplius

625 1434 804 1497 milia
850 1456 884 1497 e
928 1434 1115 1517 plebe
1160 1434 1644 1499 robustissimae
1692 1435 2046 1498 iuuentutis
2092 1435 2372 1517 undique
2409 1435 2623 1518 elegit,
2670 1434 2781 1515 qui
2827 1433 2916 1495 di-

621 1541 748 1604 uisi
813 1541 880 1603 in
943 1541 1259 1605 factiones
1324 1540 1669 1624 plausuum
1733 1563 1967 1626 genera
2030 1541 2464 1606 condiscerent
2509 1578 2598 1585 —
2644 1536 2914 1603 bombos
2947 1565 3004 1603 ιο

624 1651 688 1711 et
742 1648 1038 1711 imbrices
1096 1651 1161 1709 et
1214 1651 1410 1711 testas
1466 1649 1789 1712 uocabant
1835 1686 1919 1693 -—
1968 1670 2352 1731 operamque
2405 1648 2716 1710 nauarent
2772 1667 2914 1708 can-

623 1753 790 1816 tanti
838 1753 979 1835 sibi,
1024 1754 1310 1839 insignes
1357 1754 1785 1839 pinguissima
1824 1775 2006 1818 coma
2044 1759 2107 1817 et
2153 1754 2686 1818 excellentissimo
2734 1751 2910 1815 cultu

623 1858 898 1944 pu[e]ris
945 1882 1017 1924 ac
1065 1860 1201 1923 sine
1249 1861 1442 1924 anulo
1489 1860 1710 1943 laeuis,
1758 1883 2030 1944 quorum
2079 1861 2267 1924 duces
2316 1860 2750 1945 quadringena
2796 1859 2912 1921 mi-

622 1965 711 2029 lia
757 1967 1048 2030 sestertia
1095 1967 1442 2031 merebant.

515 2070 598 2135 21
807 2071 967 2137 Cum
1012 2074 1231 2158 magni
1280 2073 1648 2138 aestimaret
1695 2078 1949 2138 cantare
1995 2075 2188 2138 etiam
2234 2072 2495 2156 Romae,
2541 2073 2908 2136 Neroneum
2941 2094 2994 2135 15

623 2201 831 2265 agona
860 2184 1006 2243 ante
1034 2181 1482 2263 praestitutam
1509 2181 1677 2244 diem
1707 2182 2036 2244 reuocauit
2066 2181 2632 2266 flagitantibusque
2664 2180 2908 2243 cunctis

621 2286 957 2350 caelestem
995 2308 1222 2351 uocem
1270 2288 1600 2371 respondit
1638 2288 1896 2369 quidem
1934 2289 2011 2351 in
2047 2287 2295 2352 hortis
2335 2309 2410 2350 se
2447 2286 2741 2370 copiam
2780 2307 2908 2348 uo-

617 2390 960 2456 lentibus
997 2393 1405 2476 facturum,
1442 2395 1553 2458 sed
1581 2394 1925 2458 adiuuante
1952 2396 2134 2480 uulgi
2163 2415 2384 2477 preces
2411 2394 2603 2456 etiam
2633 2393 2907 2456 statione

617 2497 917 2580 militum,
956 2520 1115 2580 quae
1149 2504 1304 2564 tunc
1342 2499 1712 2582 excubabat,
1751 2505 2505 2582 repraesentaturum
2545 2521 2620 2562 se
2657 2497 2908 2582 pollici-

616 2608 721 2667 tus
762 2609 859 2668 est
894 2604 1128 2689 libens3
1175 2627 1249 2670 ac
1287 2606 1421 2669 sine
1460 2628 1640 2670 mora
1677 2629 1911 2670 nomen
1952 2629 2136 2670 suum
2179 2608 2238 2669 in
2280 2606 2424 2670 albo
2463 2606 2903 2687 profitentium
2934 2627 2990 2665 20

618 2711 1131 2775 citharoedorum
1189 2711 1378 2774 iussit
1432 2713 1666 2776 ascribi
1723 2714 2154 2795 sorticulaque
2209 2713 2277 2775 in
2333 2735 2555 2776 urnam
2611 2733 2755 2775 cum
2811 2733 2907 2775 ce-

615 2819 769 2881 teris
825 2818 1099 2880 demissa
1168 2816 1435 2880 intrauit
1492 2818 1712 2881 ordine
1768 2840 1884 2881 suo
1895 2870 1911 2901 ,
1977 2819 2169 2882 simul
2233 2819 2536 2901 praefecti
2599 2820 2903 2901 praetorii

614 2923 921 2987 citharam
972 2924 1375 3006 sustinenteS,
1421 2928 1570 3006 post
1605 2925 1854 2988 tribuni
1894 2925 2171 2989 militum
2211 2927 2513 3008 iuxtaque
2552 2925 2903 2988 amicorum

542 3046 572 3093 2
612 3031 841 3094 intimi.
924 3034 1123 3113 utque
1162 3030 1471 3112 constitit,
1507 3036 1765 3113 peracto
1806 3032 2143 3117 principio,
2183 3032 2504 3095 Niobam
2544 3054 2617 3094 se
2647 3035 2901 3095 canta-

612 3141 863 3200 turum
920 3157 1031 3220 per
1085 3134 1388 3200 Cluuium
1436 3136 1679 3200 Rufum
1739 3138 2135 3201 consularem
2201 3138 2642 3222 pronuntiauit
2706 3142 2772 3200 et
2835 3138 2902 3200 in
2931 3159 2986 3198 25

610 3244 836 3308 horam
892 3244 1024 3307 fere
1089 3242 1398 3307 decimam
1464 3245 1901 3326 perseuerauit
1964 3265 2390 3328 coronamque
2446 3267 2585 3308 eam
2640 3249 2704 3308 et
2758 3246 2901 3308 reli-

611 3373 803 3433 quam
870 3349 1236 3413 certaminis
1306 3354 1550 3431 partem
1619 3351 1686 3412 in
1751 3373 1989 3414 annum
2056 3356 2427 3434 sequentem
2483 3350 2762 3434 distulit,
2826 3355 2901 3414 ut

610 3458 864 3539 saepius
917 3456 1186 3519 canendi
1243 3457 1491 3519 occasio
1558 3460 1740 3519 esset.
1816 3459 1986 3539 quod
2045 3479 2190 3521 cum
2246 3459 2496 3521 tardum
2552 3458 2898 3539 uideretur,

608 3586 738 3627 non
785 3563 1058 3626 cessauit
1105 3562 1450 3626 identidem
1501 3586 1565 3626 se
1605 3564 1951 3645 publicare.
2027 3565 2350 3628 dubitauit
2395 3565 2586 3627 etiam
2636 3587 2716 3627 an
2764 3566 2895 3646 pri-

750 3745 779 3790 2
821 3737 1134 3789 abualineis
1166 3738 1346 3802 MG6,
1386 3737 1457 3789 ab
1490 3737 1728 3790 balineis
1759 3740 1830 3804 R,
1870 3756 1903 3790 a
1941 3738 2157 3791 balneis
2200 3741 2344 3793 PST
2479 3745 2512 3790 4
2551 3738 2744 3808 epulat
2774 3741 2898 3805 Μὸ,

607 3819 839 3887 epulans
879 3818 1184 3871 Salmasius
1400 3816 1590 3870 sufferi
1623 3819 1766 3884 ΜΘ,
1805 3818 2022 3872 sufferri
2059 3822 2276 3885 YLPT,
2314 3818 2584 3872 *sufferre
2623 3819 2689 3871 81
2726 3817 2778 3888 (l'
2816 3820 2896 3872 ef-

604 3899 748 3951 ferre
778 3897 888 3966 82),
939 3896 1154 3950 sufferti
1201 3897 1282 3950 ed.
1324 3899 1450 3951 Ven.
1482 3899 1540 3963 I,
1579 3896 1852 3951 suffertim
1890 3900 2173 3968 Egnatius
2220 3898 2328 3966 (ςὲ)
2512 3904 2575 3951 11
2617 3898 2898 3952 discerent

603 3979 904 4048 (discerent
949 3994 1087 4045 quos
1126 3977 1193 4045 S)
1226 3984 1351 4044 post
1387 3977 1645 4030 imbrices
1686 3979 1811 4031 add.
1843 3982 1900 4030 X
1922 3981 2271 4046 (eoepunetum
2306 3979 2369 4030 in
2407 3979 2478 4047 P)
2621 3982 2897 4032 nouarent

607 4059 818 4113 GHRS
926 4064 988 4111 13
1017 4058 1171 4126 puris
1195 4058 1271 4112 Ρ2
1301 4059 1591 4126 (Bentley),
1629 4058 1817 4125 pueris
1842 4060 2016 4124 ΜΧὸ,
2043 4075 2245 4127 pueros
2265 4057 2347 4123 8²,
2383 4058 2542 4126 pueri
2562 4059 2667 4112 Gr
2684 4060 2893 4129 (mady),

601 4138 896 4207 purpureis
923 4140 1066 4193 Roth
1211 4137 1299 4207 ac]
1339 4154 1440 4190 nec
1475 4138 1568 4195 ἃς
1600 4140 1792 4207 (uuly.)
1927 4138 2069 4209 leuis
2095 4139 2145 4191 G
2173 4139 2270 4207 (sic
2296 4140 2458 4192 etiam
2487 4140 2547 4191 in
2577 4140 2632 4191 P
2656 4156 2723 4191 m.
2753 4142 2895 4207 rec),

600 4219 800 4271 laeuiis
834 4220 919 4284 M,
956 4217 1097 4270 leuis
1136 4221 1182 4269 Y
1206 4218 1417 4287 (ηαλμ),
1453 4217 1618 4269 leuiis
1652 4217 1768 4283 ST,
1806 4217 1949 4270 uelis
1978 4219 2151 4283 LPO,
2189 4218 2351 4271 sortis
2381 4221 2431 4283 ὃ,
2468 4216 2647 4270 laenis
2678 4220 2823 4273 Roth

603 4299 966 4366 quadragena
998 4301 1045 4350 Τ
1082 4300 1274 4368 (uum.)
1402 4304 1466 4348 14
1497 4297 1817 4350 sestertium
1844 4299 1933 4350 uel
1959 4298 2065 4351 HS.
2096 4299 2264 4367 Μαίᾳ,
2303 4297 2479 4350 abesse
2506 4300 2722 4352 mauult
2753 4299 2891 4352 Oud.

604 4384 668 4429 16
698 4378 1029 4445 praestitam
1056 4381 1103 4430 Τ
1202 4383 1264 4430 17
1287 4377 1551 4445 respondi
1577 4377 1648 4428 M
1748 4382 1812 4429 18
1845 4394 2009 4444 prece
2034 4378 2083 4430 G
2184 4384 2247 4429 21
2278 4377 2414 4430 iussi
2438 4378 2512 4429 M
2519 4377 2532 4407 ¹
2643 4383 2708 4429 23
2739 4380 2891 4449 post]

601 4473 700 4523 pro
733 4459 806 4509 M
924 4464 990 4509 24
1029 4457 1199 4510 nioba
1224 4458 1291 4522 G,
1330 4456 1465 4508 -ban
1489 4459 1624 4522 MT,
1663 4456 1816 4508 -bem
1846 4461 1911 4523 X,
1942 4458 2072 4510 -ben
2102 4457 2248 4524 παῖς).
2360 4460 2426 4507 29
2465 4473 2576 4508 11011
2606 4457 2894 4512 dubitauit

602 4536 773 4601 STN(
813 4538 982 4605 παῖς.)
1129 4553 1199 4588 an
1240 4556 1307 4602 ρς
1343 4539 1412 4604 (Ι.
1428 4537 1496 4589 F.
1515 4537 1792 4604 Gronov),
1829 4536 1887 4587 in
1919 4538 2113 4601 MGY,
2151 4554 2250 4590 om.
2281 4537 2399 4588 XN
