3325 5209
598 405 729 469 346
1293 401 1348 458 O.
1389 401 1705 458 SVETONI
1740 401 2187 467 TRANQVILLI

596 568 1030 654 appellaretur
1075 569 1276 632 aliter.
1369 570 1616 631 statuas
1662 566 1789 631 sibi
1835 567 1901 630 in
1950 564 2273 650 Capitolio
2317 586 2450 631 non
2485 567 2611 629 nisi
2665 587 2886 631 aureas

597 679 664 740 et
707 678 1043 761 argenteas
1089 676 1245 758 poni
1282 675 1577 759 permisit
1623 695 1699 738 ac
1742 674 2043 757 ponderis
2092 675 2265 738 certi.
2347 672 2539 737 Ianos
2577 695 2887 756 arcusque

598 804 742 848 cum
791 783 1124 868 quadrigis
1170 785 1235 845 et
1280 781 1644 867 insignibus
1692 781 2172 863 triumphorum
2218 802 2333 864 per
2377 781 2670 866 regiones
2708 779 2887 845 urbis

594 893 809 954 tantos
854 911 929 955 ac
965 892 1066 953 tot
1102 890 1405 970 extruxit,
1453 892 1522 951 ut
1562 889 1814 952 cuidam
1857 885 2093 951 Graece
2131 888 2511 970 inscriptum
2550 888 2665 951 sit:
2713 888 2886 951 arci.

526 1011 559 1060 3
598 995 971 1060 consulatus
1009 996 1464 1079 septemdecim
1503 996 1693 1079 cepit,
1729 998 1891 1077 quot
1919 997 2066 1058 ante
2094 1016 2241 1059 eum
2268 1015 2489 1078 nemo;
2536 1014 2615 1057 ex
2652 993 2887 1077 quibus

511 1106 516 1111 ’
596 1105 842 1188 septem
902 1103 1148 1167 medios
1205 1101 1624 1185 continuauit,
1686 1124 1908 1166 omnes
1953 1105 2169 1166 autem
2215 1122 2415 1186 paene
2459 1099 2652 1166 titulo
2701 1104 2887 1165 tenus

597 1210 798 1295 gessit
830 1229 950 1273 nec
988 1231 1369 1293 quemquam
1413 1208 1585 1273 ultra
1621 1207 1762 1272 Kal.
1781 1207 1960 1292 Mai„
1997 1208 2340 1297 plerosque
2379 1207 2459 1271 ad
2494 1206 2647 1272 Idus
2680 1229 2888 1292 ‚usque

593 1315 936 1381 Ianuarias.
1028 1320 1178 1400 post
1224 1304 1439 1381 autem
1486 1316 1645 1380 duos
1693 1315 2059 1401 triumphos
2100 1313 2461 1380 Germanici
2507 1315 2889 1402 cognomine

597 1427 929 1507 assumpto
960 1421 1406 1507 Septembrem
1434 1445 1719 1487 mensem
1751 1427 1816 1488 et
1852 1420 2197 1488 Octobrem
2235 1444 2315 1486 ex
2342 1422 2886 1506 appellationibus

593 1531 727 1596 suis
768 1529 1216 1595 Germanicum
1254 1529 1828 1613 Domitianumque
1864 1530 2426 1608 transnominauit,
2473 1528 2647 1612 quod
2684 1528 2883 1593 altero

594 1638 979 1722 suscepisset
1022 1636 1384 1721 imperium,
1430 1636 1633 1701 altero
1682 1640 1871 1727 natus
1919 1640 2104 1701 esset.

487 1740 578 1806 14
770 1743 895 1808 Per
939 1744 1099 1809 haec
1144 1744 1455 1808 terribilis
1512 1744 1758 1808 cunetis
1815 1747 1881 1807 et
1925 1743 2192 1827 inuisus,
2238 1745 2493 1808 tandem
2542 1764 2885 1828 oppressus

591 1854 688 1916 est
723 1853 779 1934 <.
803 1903 815 1915 .
838 1852 896 1934 .>
932 1852 1282 1915 amicorum
1330 1851 1843 1933 libertorumque
1889 1851 2267 1915 intimorum
2307 1850 2501 1915 simul
2537 1854 2601 1914 et
2647 1851 2883 1914 uxoris.

551 1974 556 1979 ’
591 1980 827 2023 annum
876 1958 1173 2041 diemque
1218 1957 1523 2022 ultimum
1578 1960 1751 2022 uitae
1802 1957 1932 2022 iam
1981 1958 2231 2042 pridem
2282 1962 2644 2041 suspectum
2696 1957 2884 2022 habe-

588 2064 728 2148 bat,
782 2064 1006 2130 horam
1063 2066 1256 2129 etiam
1317 2087 1433 2129 nec
1494 2062 1623 2128 non
1680 2070 1745 2129 et
1804 2087 2005 2151 genus
2066 2065 2313 2129 mortis,
2405 2065 2882 2129 adulescentulo

591 2170 895 2237 Chaldaei
932 2177 1163 2236 cuncta
1189 2172 1660 2256 praedixerant3
1699 2175 1882 2256 pater
1910 2194 2168 2255 quoque
2205 2193 2398 2256 super
2434 2194 2653 2236 cenam
2685 2192 2884 2255 quon-

588 2278 735 2342 dam
772 2278 991 2364 fungis
1029 2280 1455 2344 abstinentem
1484 2279 1700 2364 palam
1734 2280 2018 2344 irriserat
2045 2283 2120 2344 ut
2147 2280 2444 2365 ignarum
2482 2280 2676 2343 sortis
2715 2301 2883 2361 suae,

516 2400 549 2448 2
590 2384 763 2469 quod
799 2406 932 2451 non
968 2386 1209 2450 ferrum
1245 2388 1465 2474 potius
1503 2387 1775 2450 timeret.
1851 2409 2045 2470 quare
2086 2386 2364 2471 pauidus
2404 2408 2653 2472 semper
2691 2390 2883 2469 atque

587 2492 813 2558 anxius
861 2493 1146 2556 minimis
1202 2493 1395 2557 etiam
1455 2494 1931 2577 suspicionibus
1987 2497 2241 2578 praeter
2286 2494 2549 2559 modum
2605 2515 2883 2559 commo-

731 2692 759 2738 1
799 2687 1036 2755 Eutrop.
1078 2686 1201 2741 VII
1219 2690 1310 2753 23,
1338 2690 1377 2740 2
1403 2685 1618 2740 nullam
1656 2685 1766 2740 sibi
1793 2686 1903 2739 nisi
1942 2704 2168 2741 auream
2197 2692 2254 2743 et
2283 2691 2607 2758 argenteam
2635 2690 2881 2742 statuam

586 2766 644 2818 in
683 2765 963 2834 Capitolio
1009 2783 1205 2834 passus
1253 2768 1338 2820 est
1382 2767 1518 2835 poni
1558 2767 1736 2835 (Hier.
1775 2769 1957 2821 chron.
1996 2786 2047 2822 α.
2076 2772 2262 2838 2107).
2421 2775 2453 2822 5
2491 2771 2701 2823 Auso‘n.
2738 2776 2879 2840 yrat.

585 2853 688 2902 act.
721 2852 774 2913 6,
800 2851 876 2901 27
913 2848 1128 2916 septem
1159 2863 1224 2900 ac
1252 2847 1445 2901 decem
1473 2847 1786 2900 Domitiani
1814 2848 2156 2915 consulatus,
2193 2866 2333 2917 quos
2364 2848 2463 2902 ille
2491 2848 2711 2903 inuidia
2739 2849 2880 2904 alios

582 2926 933 2996 prouehendi
988 2927 1367 2981 continuando
1426 2928 1723 2982 conseruit.
1906 2933 1938 2980 8
1989 2929 2171 2983 Victor
2218 2929 2366 2982 Caes.
2407 2934 2492 2996 11,
2530 2932 2565 2981 4
2610 2927 2774 2983 Dacis
2823 2931 2880 2983 et

584 3006 873 3062 Cattorum
919 3026 1088 3060 manu
1136 3008 1374 3062 deuictis
1422 3007 1805 3075 Septembrem
1844 3008 2251 3078 Octobremque
2298 3027 2514 3063 menses
2563 3008 2878 3064 Germanici

582 3087 943 3157 superiorem,
982 3106 1010 3141 e
1040 3105 1138 3142 suo
1168 3088 1391 3142 nomine
1422 3088 1660 3142 alterum
1691 3087 2093 3158 appellauerat.
2215 3095 2279 3142 12
2311 3091 2548 3158 Eutrop.
2582 3091 2705 3144 VII
2721 3093 2813 3155 23,
2844 3095 2880 3144 6

584 3184 710 3222 cum
748 3169 819 3223 ob
857 3168 1068 3223 scelera
1103 3168 1378 3222 uniuersis
1417 3185 1612 3222 exosus
1652 3186 1771 3223 esse
1810 3170 2110 3238 coepisset,
2157 3168 2484 3223 interfectus
2522 3171 2607 3223 est
2654 3185 2878 3223 suorum

583 3249 969 3303 coniuratione
1014 3249 1074 3302 in
1112 3248 1333 3302 Palatio
1382 3250 1559 3320 (Hier.
1597 3251 1780 3303 chron.
1820 3268 1870 3303 a.
1910 3253 2058 3304 2112
2100 3250 2249 3304 Oro-3.
2293 3251 2413 3305 VII
2435 3255 2519 3316 10,
2550 3254 2620 3316 7).
2697 3250 2880 3305 Victor

585 3330 734 3384 Caes.
767 3335 851 3395 11,
881 3334 915 3383 7
950 3329 1131 3399 magis
1169 3328 1460 3399 magisque
1503 3329 1743 3383 saeuitia
1768 3329 1975 3383 nimius
2014 3347 2190 3399 eoque
2225 3331 2535 3399 suspectior
2562 3330 2734 3384 etiam
2764 3331 2878 3385 suis

582 3409 911 3464 libertorum
940 3409 1173 3463 consilio
1201 3426 1370 3462 uxore
1398 3426 1509 3463 non
1536 3409 1738 3485 ignara
1768 3453 1779 3464 .
1813 3452 1823 3463 .
1857 3452 1868 3463 .
1899 3427 2105 3479 poenas
2143 3410 2265 3464 luit.
2331 3412 2488 3479 Epic.
2520 3416 2607 3477 11,
2627 3417 2693 3465 11
2722 3413 2876 3464 metu

2918 1558 2972 1597 10

2915 2092 2965 2131 15

581 3489 933 3543 crudelitatis
972 3492 1029 3543 et
1067 3490 1441 3544 conscientiae
1469 3507 1601 3544 suae
1641 3491 2002 3545 coniurauere
2030 3491 2286 3560 plerique
2317 3534 2327 3544 .
2361 3534 2371 3544 .
2406 3533 2417 3544 .
2449 3491 2666 3545 adscita
2703 3491 2875 3545 etiam
2948 3496 2953 3501 ’

581 3569 641 3623 in
679 3570 974 3624 consilium
1010 3571 1236 3638 tyranni
1272 3586 1443 3624 uxore
1480 3570 1746 3624 Domitia.

724 3746 754 3792 2
795 3740 1071 3794 certianos
1103 3742 1226 3806 Me,
1256 3732 1555 3795 Ceruianos
1599 3742 1648 3793 Τ
1754 3746 1786 3793 4
1825 3741 1913 3812 ac]
1945 3743 2042 3794 aut
2077 3744 2137 3806 Y,
2167 3740 2232 3793 al
2262 3758 2326 3794 ac
2355 3740 2438 3794 ΠΩ
2546 3741 2662 3795 arci
2691 3726 2873 3808 MGe,

580 3820 690 3874 arti
725 3823 774 3873 Τ
801 3822 882 3889 (in
911 3839 937 3874 ε
964 3837 1030 3874 ss.
1061 3819 1092 3872 i
1122 3820 1274 3889 arci),
1319 3820 1473 3874 arcui
1503 3824 1570 3887 X,
1599 3821 1761 3888 ἀρκεῖ
1805 3822 2112 3875 Turnebus:
2156 3822 2415 3876 ‘latinum
2451 3823 2676 3876 uerbum
2712 3840 2873 3892 quae-

578 3902 836 3966 rendum,
887 3917 1001 3954 ‘non
1035 3918 1287 3970 yraecwm
1325 3902 1504 3968 ἀρκεῑ’
1537 3902 1796 3970 Bentley,
1842 3904 1943 3969 qui
1976 3909 2140 3957 antea
2176 3905 2475 3957 coniecerat
2509 3907 2634 3958 31³}
2670 3904 2706 3956 i.
2739 3926 2877 3958 mxx

580 3989 612 4034 5
652 3981 1063 4050 septemdecem
1093 3983 1332 4050 (septen-
1354 3982 1425 4049 R,
1455 4001 1547 4035 vn.
1578 4001 1614 4034 x
1643 3984 1726 4050 H)
1760 3982 1886 4034 ΜΤ
1911 3982 1999 4050 (cf.
2031 3986 2242 4037 Auson.
2271 3987 2464 4053 supra)
2599 3987 2736 4053 quot
2764 4002 2798 4045 ς
2825 3992 2878 4040 et

577 4063 698 4116 edd.
727 4069 852 4127 net„
889 4062 1040 4129 quod
1066 4064 1118 4114 ,Ω
1228 4066 1260 4113 8
1299 4062 1619 4131 germanico
1651 4064 1708 4117 R
1734 4069 1784 4117 et
1800 4078 1910 4132 pro
1936 4081 1991 4117 u.
2024 4065 2056 4117 l.
2089 4062 2172 4117 11²
2287 4065 2511 4119 nomine
2546 4066 2597 4120 G
2706 4071 2737 4119 9
2777 4066 2873 4119 ab·

578 4144 800 4211 sumpto
835 4142 1048 4211 MHQ&
1197 4147 1260 4194 12
1298 4143 1525 4196 tandem
1555 4159 1691 4197 corr.
1722 4160 1789 4196 ex
1824 4145 2045 4196 tantum
2075 4146 2149 4198 M
2173 4148 2260 4214 (m.
2293 4148 2345 4213 1)
2493 4150 2559 4199 13
2589 4147 2874 4215 conspira—

578 4222 731 4276 tione
767 4230 889 4291 post
914 4222 1241 4276 intimorum
1276 4224 1453 4291 suppl.
1490 4221 1682 4277 T'ON
1703 4226 1847 4291 (post
1871 4223 2057 4277 uxoris
2094 4225 2207 4278 cod.
2243 4226 2421 4293 G-welf.
2453 4227 2686 4297 Auyust.
2717 4231 2808 4293 30,
2835 4231 2874 4281 2

576 4319 712 4356 saec.
743 4304 891 4371 XV),
928 4302 1149 4357 insidiis
1178 4310 1305 4358 ante
1334 4304 1640 4357 amicorum
1675 4304 1726 4357 G
1753 4304 1907 4357 ethic
1935 4305 2126 4359 melius
2154 4306 2291 4374 (siue
2319 4305 2567 4359 consiliis
2598 4309 2716 4362 siue
2743 4324 2872 4361 con-

579 4381 883 4449 spiratione
910 4385 1027 4438 εἰπε
1055 4383 1456 4451 coniuratione,
1491 4385 1561 4450 cf.
1597 4384 1787 4438 testim.
1816 4400 1988 4453 supra
2017 4392 2069 4439 et
2103 4385 2289 4439 Herm.
2322 4389 2395 4440 36
2414 4403 2473 4454 p.
2503 4389 2662 4455 295),
2702 4387 2872 4441 desti-

578 4461 994 4608 Ξιὲῗεέῳῗοίἰε
1023 4470 1153 4609 post
1186 4463 1373 4517 uxoris
1403 4469 1438 4518 δ
1584 4470 1649 4516 16
1689 4464 1972 4532 quandam
2004 4468 2067 4531 X,
2098 4464 2156 4537 <.
2175 4506 2188 4519 .
2210 4465 2345 4537 >da
2381 4468 2444 4519 in
2472 4484 2641 4537 marq.
2671 4475 2872 4522 resecta

696 4581 707 4592 .
868 4559 970 4595 om.
996 4562 1033 4613 9
