3325 5209
1121 381 1339 436 DlVVS
1375 381 1617 436 IVLIVS
1657 393 1789 443 [cAP.
1819 393 1996 444 33—37]
2625 381 2705 445 19

405 548 594 607 nacta
649 565 964 625 nouarum
1020 566 1235 607 rerum
1292 545 1558 609 materia
1613 549 1796 609 esset.
1889 545 1969 608 ab
2028 543 2416 609 Alexandria
2469 545 2538 608 in
2593 543 2706 627 Sy·
2745 560 2775 606 2

405 652 569 714 riam
619 655 683 713 et
731 649 878 713 inde
915 649 1195 714 Pontum
1242 651 1498 715 transiit
1543 651 1926 736 urgentibus
1966 652 2041 715 de
2079 650 2407 715 Pharnace
2444 652 2706 733 nuntiis,

410 779 602 840 quem
649 756 1045 821 Mithridatis
1102 756 1324 841 Magni
1379 758 1584 822 filium
1643 779 1716 821 ac
1763 762 1915 821 tunc
1963 759 2295 822 occasione
2342 761 2706 840 temporum

406 863 756 927 bellantem
803 864 1058 947 iamque
1105 864 1452 948 multiplici
1491 885 1788 929 successu
1823 864 2272 948 praeferocem,
2320 866 2488 927 intra
2526 862 2706 945 quin-
2791 912 2798 918 .

354 994 379 1034 5
410 975 550 1034 tum
618 992 809 1053 quam
874 969 1166 1034 adfuerat
1231 969 1428 1049 diem,
1493 974 1798 1054 quattuor
1863 971 2096 1053 quibus
2162 971 2230 1033 in
2293 973 2703 1052 conspectum

409 1077 592 1140 uenit
635 1076 812 1141 horis
823 1128 840 1160 ,
889 1098 1016 1141 una
1060 1076 1435 1163 profligauit
1481 1077 1642 1161 acie3
1699 1077 1917 1142 crebro
1967 1098 2473 1141 commemorans
2519 1074 2705 1138 Pom-

410 1183 517 1266 pei
565 1183 957 1267 felicitatem,
1004 1184 1105 1247 cui
1143 1184 1488 1269 praecipua
1534 1184 1806 1249 militiae
1851 1183 1991 1248 laus
2039 1184 2115 1247 de
2162 1186 2294 1247 tam
2333 1182 2556 1246 inbelli
2603 1204 2706 1267 ge-

409 1313 560 1355 nere
615 1291 901 1355 hostium
958 1291 1347 1376 contigisset.
1433 1290 1666 1354 dehinc
1723 1288 2089 1373 Scipionem
2150 1312 2223 1355 ac
2277 1289 2501 1353 Iubam
2564 1288 2706 1352 reli-

413 1398 595 1480 quias
656 1398 938 1480 partium
998 1398 1066 1460 in
1126 1396 1347 1461 Africa
1406 1397 1757 1461 refouentis
1819 1397 2080 1479 deuicit,
2139 1396 2408 1481 Pompei
2468 1397 2704 1460 liberos

327 1528 382 1568 10
413 1505 481 1567 in
526 1503 859 1588 Hispania.
934 1504 1231 1568 omnibus
1278 1503 1577 1567 ciuilibus
1622 1503 1810 1570 bellis
1846 1503 2090 1568 nullam
2132 1503 2376 1567 cladem
2417 1503 2543 1567 nisi
2588 1522 2703 1586 per
2719 1499 2811 1566 36

408 1610 659 1695 legatos
717 1632 864 1674 suos
931 1632 1156 1694 passus
1213 1614 1336 1693 est,
1399 1631 1672 1693 quorum
1732 1609 1799 1674 O.
1841 1609 2033 1674 Curio
2092 1612 2160 1675 in
2212 1609 2436 1673 Africa
2498 1608 2707 1692 periit,

414 1715 479 1779 C.
528 1715 852 1781 Antonius
900 1717 969 1780 in
1013 1715 1274 1800 Illyrico
1322 1716 1389 1780 in
1437 1718 1949 1781 aduersariorum
1999 1716 2256 1781 deuenit
2301 1720 2707 1800 potestatem,

410 1823 480 1888 P.
528 1823 867 1887 Dolabella
923 1824 1189 1888 classem
1254 1824 1322 1887 in
1388 1823 1611 1888 eodem
1675 1823 1963 1908 Illyrico,
2028 1822 2139 1887 Cn.
2186 1823 2511 1888 Domitius
2570 1822 2708 1886 Cal-

410 1930 601 1994 uinus
649 1931 716 1994 in
762 1930 972 1995 Ponto
1022 1930 1370 1994 exercitum
1428 1930 1795 1994 amiserunt.
1888 1931 2025 2013 ipse
2071 1931 2500 2014 prosperrime
2549 1951 2708 1994 sem-

326 2058 382 2101 15
412 2059 527 2120 per
573 2059 643 2100 ac
689 2059 769 2100 ne
817 2037 1083 2120 ancipiti
1130 2038 1388 2121 quidem
1444 2059 1753 2120 umquam
1809 2037 2070 2100 fortuna
2114 2042 2557 2121 praeterquam
2609 2036 2704 2099 bis

413 2144 773 2208 dimicauit:
849 2146 1046 2208 semel
1111 2145 1190 2207 ad
1245 2143 1705 2227 Dyrrachium,
1770 2143 1881 2208 ubi
1944 2146 2167 2227 pulsus
2233 2165 2364 2207 non
2429 2142 2706 2206 instante

410 2249 722 2334 Pompeio
778 2251 1040 2337 negauit
1096 2273 1238 2315 eum
1298 2252 1552 2315 uincere
1610 2251 1800 2333 scire,
1855 2250 2090 2314 iterum
2138 2250 2205 2314 in
2251 2249 2566 2333 Hispania
2612 2248 2707 2312 ul-

411 2358 573 2420 timo
610 2356 879 2440 proeli0‚
917 2379 1061 2422 cum
1102 2358 1455 2442 desperatis
1493 2359 1684 2422 rebus
1723 2358 1917 2421 etiam
1957 2356 2033 2420 de
2071 2355 2518 2421 consciscenda
2554 2377 2707 2420 nece

413 2464 745 2548 cogitauit.

330 2593 383 2634 so
593 2568 916 2635 Confectis
976 2571 1161 2635 bellis
1218 2571 1603 2655 quinquiens
1660 2570 2117 2655 triumphauit,
2175 2574 2324 2655 post
2379 2569 2701 2632 deuictum
2721 2563 2810 2630 37

415 2675 783 2760 Scipionem
845 2683 1071 2762 quater
1133 2677 1356 2742 eodem
1421 2700 1666 2762 mense,
1737 2677 1845 2741 sed
1911 2677 2261 2741 interiectis
2328 2676 2578 2758 diebus,
2643 2679 2708 2738 et

412 2805 634 2847 rursus
687 2784 883 2848 semel
933 2790 1081 2869 post
1131 2788 1464 2867 superatos
1502 2783 1774 2868 Pompei
1823 2783 2078 2848 liberos,
2168 2785 2449 2867 primum
2496 2787 2560 2846 et
2607 2805 2709 2845 ex-

416 2888 941 2955 cellentissimum
988 2892 1391 2976 triumphum
1441 2891 1574 2975 egit
1623 2889 1965 2972 Gallicum,
2014 2895 2384 2974 sequentem
2430 2888 2708 2953 Alexan-

414 2996 689 3081 drinum,
738 2998 963 3061 deinde
1008 2996 1385 3080 Ponticum,
1430 2997 1584 3062 huic
1628 2998 1998 3082 proximum
2044 2997 2448 3078 Africanum,
2495 2996 2708 3060 nouis-

330 3124 386 3166 25
416 3104 651 3168 simum
708 3102 1228 3188 Hispaniensem,
1293 3106 1546 3169 diuerso
1612 3126 1930 3189 quemque
1994 3108 2305 3187 apparatu
2360 3108 2423 3167 et
2478 3103 2707 3166 instru-

416 3214 651 3274 mento,
746 3207 972 3275 Gallici
1029 3211 1342 3296 triumphi
1399 3211 1499 3274 die
1556 3210 1906 3275 Velabrum
1962 3210 2453 3294 praeteruehens
2506 3231 2708 3293 paene
2746 3222 2776 3268 2

562 3392 589 3439 1
630 3387 865 3455 Eutrop.
900 3387 988 3439 VI
1014 3391 1105 3453 22,
1136 3390 1171 3439 3
1206 3386 1429 3439 rediens
1467 3386 1600 3438 inde
1632 3428 1642 3440 .
1679 3429 1689 3439 .
1723 3429 1734 3440 .
1764 3386 2091 3438 Pharnacen
2127 3383 2475 3437 Mithridatis
2513 3383 2708 3452 Magni

417 3465 615 3534 filium,
654 3466 752 3533 qui
789 3466 1057 3534 Pompeio
1094 3466 1153 3517 in
1192 3466 1463 3518 auxilium
1502 3466 1655 3534 apud
1695 3465 2044 3519 Thessaliam
2080 3464 2292 3532 fuerat,
2339 3463 2709 3517 rebellantem

416 3547 475 3599 in
514 3546 692 3600 Ponto
732 3548 789 3599 et
833 3545 1043 3599 multas
1088 3545 1284 3615 populi
1330 3545 1573 3598 Romani
1617 3545 1939 3615 prouincias
1988 3546 2355 3614 occupantem
2391 3543 2533 3596 uicit
2570 3542 2706 3596 acie.

364 3689 369 3693 ,
415 3627 487 3692 cf.
530 3627 652 3680 Viri
690 3628 768 3680 in.
802 3631 892 3692 78,
924 3630 958 3679 7
1103 3631 1135 3678 8
1173 3627 1245 3694 cf.
1284 3627 1518 3693 Eutrop.
1563 3627 1648 3680 VI
1668 3630 1759 3678 23.
1812 3627 1932 3679 Viri
1967 3627 2045 3679 ill.
2079 3629 2226 3690 78,8
2374 3630 2439 3677 16
2469 3625 2705 3691 Eutrop.

428 3709 515 3760 VI
544 3710 636 3774 20,
667 3710 702 3759 3
737 3706 917 3774 primo
956 3706 1169 3776 proelio
1207 3706 1392 3760 uictus
1431 3708 1517 3758 est
1555 3709 1613 3759 et
1639 3704 1887 3774 fugatus,
1927 3705 2111 3758 euasit
2137 3708 2346 3770 tamen,
2384 3704 2518 3771 quia
2546 3707 2709 3756 nocte

418 3786 832 3839 interueniente
878 3786 1177 3856 Pompeius
1226 3786 1387 3855 sequi
1432 3786 1640 3853 noluit,
1690 3785 1945 3853 dixitque
1992 3784 2195 3837 Caesar
2241 3800 2343 3837 nec
2380 3783 2709 3852 Pompeium

418 3866 560 3920 scire
599 3867 823 3921 uincere
861 3869 918 3919 et
963 3866 1062 3919 illo
1100 3868 1324 3919 tantum
1362 3866 1453 3920 die
1492 3883 1550 3920 se
1586 3866 1839 3935 potuisse
1877 3864 2145 3933 superari.
2230 3866 2317 3918 VI
2337 3869 2410 3919 24
2446 3864 2710 3918 ultimum

419 3947 732 4016 (proelium)
771 3947 921 4014 apud
959 3946 1230 3999 Mundam
1268 3946 1584 4013 ciuitatem,
1631 3946 1691 3998 in
1729 3962 1840 4013 quo
1879 3946 2019 3998 adeo
2058 3944 2261 3998 Caesar
2305 3960 2488 4013 paene
2524 3944 2709 3996 uictus

417 4030 523 4095 est,
559 4030 625 4081 ut
660 4026 1010 4096 fugientibus
1048 4026 1162 4080 suis
1202 4043 1258 4080 se
1296 4025 1540 4080 uoluerit
1577 4026 1846 4080 occidere.

562 4194 590 4241 1
630 4171 985 4242 materiesset
1022 4187 1117 4252 M,
1172 4187 1300 4241 inde
1345 4185 1606 4240 materies
1654 4188 1803 4239 esset
1839 4186 2143 4241 Salmasius
2286 4190 2317 4238 3
2361 4185 2468 4238 hac
2508 4188 2580 4239 M
2591 4185 2711 4240 VS²

415 4275 449 4322 4
486 4267 860 4322 rebellantem
896 4267 1128 4337 Bentley
1175 4284 1295 4320 eum
1334 4267 1609 4335 Eutropio
1655 4273 1798 4320 recte·
1824 4271 1960 4335 puto
2124 4271 2151 4318 7
2191 4268 2311 4317 tam
2347 4265 2616 4319 bellicoso
2659 4267 2709 4319 G

415 4354 448 4401 8
498 4348 588 4419 ac]
628 4350 685 4402 et
726 4348 777 4401 G
942 4351 972 4400 9
1020 4347 1080 4399 in
1125 4364 1226 4402 om.
1270 4347 1320 4401 G
1473 4346 1652 4400 africa
1693 4345 1862 4414 (affr-)
1909 4344 2072 4413 T'02,
2124 4337 2258 4398 -am'
2278 4347 2371 4400 rel.
2539 4352 2604 4399 10
2651 4345 2711 4397 in

414 4436 537 4497 post
583 4427 842 4482 omnibus
888 4444 957 4482 88.
999 4426 1096 4482 Μ’
1285 4431 1351 4480 20
1401 4426 1740 4495 quinquiens
1790 4427 1849 4493 V,
1908 4425 2205 4494 quinquies
2253 4424 2601 4495 quinquenni
2643 4427 2717 4478 M

416 4510 566 4577 (inde
595 4506 980 4576 quinquennio
1010 4511 1061 4575 ὃ,
1090 4507 1147 4560 in
1167 4506 1396 4560 biennio
1412 4508 1631 4576 Burin„
1659 4522 1884 4574 unoque
1914 4522 2059 4560 anno
2085 4507 2264 4576 om),
2298 4505 2596 4573 quinquies
2617 4507 2707 4558 rel.

2217 4594 2285 4646 2*
