3325 5209
1260 418 1500 474 GALBA
1538 431 1670 479 [off.
1703 431 1877 480 14—18]
2590 421 2715 484 281

425 585 752 647 curatione
812 583 1207 666 amplissima
1268 583 1552 666 ornauit,
1611 604 1732 666 pro
1789 582 2098 667 Tigillino
2161 584 2355 647 etiam
2418 583 2724 647 saeuitiae

424 691 736 774 populum
784 690 994 754 edicto
1043 689 1379 772 increpuit.

604 796 728 860 Per
769 796 928 860 haec
963 817 1164 879 prope
1201 795 1518 860 uniuersis
1557 796 1890 860 ordinibus
1928 796 2188 861 offensis
2233 796 2339 861 uel
2378 798 2720 881 praecipua
2740 796 2831 863 16

425 903 738 989 flagrabat
785 902 1030 967 inuidia
1084 902 1255 987 apud
1310 903 1563 967 milites,
1647 925 1799 966 nam
1856 925 2001 966 cum
2059 903 2127 966 in
2182 904 2379 968 uerba
2435 904 2570 967 eius
2616 903 2724 966 ab-

373 1036 397 1075 5
427 1012 624 1074 sentis
662 990 1022 1074 iurantibus
1061 1009 1436 1074 donatiuum
1475 1008 1783 1094 grandius
1821 1011 2013 1073 solito
2056 1011 2408 1093 praepositi
2445 1032 2723 1093 pronun-

430 1117 714 1200 tiassent,
759 1137 966 1199 neque
1010 1120 1217 1180 ratam
1262 1138 1398 1179 rem
1444 1115 1675 1180 habuit
1720 1120 1785 1179 et
1832 1114 2113 1180 subinde
2157 1117 2423 1181 iactauit
2469 1118 2724 1201 legere

427 1246 502 1287 se
550 1223 901 1303 militem,
956 1245 1107 1287 non
1153 1245 1395 1287 emere
1442 1244 1878 1307 consuesse3
1944 1227 2137 1306 atque
2184 1244 2259 1288 eo
2308 1223 2564 1306 quidem
2610 1244 2723 1288 no-

426 1331 597 1394 mine
617 1331 842 1413 omnis,
873 1330 983 1413 qui
1011 1330 1249 1413 ubique
1270 1333 1466 1411 erant,
1496 1329 1922 1393 exacerbauit.
1970 1334 2250 1394 ceterum
2281 1330 2724 1413 praetorianos

426 1438 618 1501 etiam
659 1441 833 1500 metu
864 1442 926 1500 et
964 1437 1349 1522 indignitate
1388 1436 1762 1519 commouit,
1798 1459 2139 1501 remouens
2178 1436 2446 1500 subinde
2482 1436 2724 1519 pleros-

348 1568 398 1608 ιο
426 1566 548 1627 que
585 1549 657 1607 ut
705 1548 1033 1626 suspectos
1081 1547 1144 1607 et
1189 1542 1550 1627 Nymphidi
1597 1543 1822 1607 socios.
1926 1544 2037 1607 sed
2083 1545 2360 1608 maxime
2409 1542 2724 1606 fremebat

426 1651 773 1733 superioris
835 1649 1210 1714 Germaniae
1270 1651 1586 1713 exercitus
1643 1649 1930 1714 fraudari
1992 1672 2058 1715 se
2119 1651 2393 1735 praemis
2453 1654 2724 1713 nauatae

428 1756 732 1820 aduersus
780 1755 998 1821 Gallos
1058 1760 1123 1820 et
1169 1756 1506 1821 Vindicem
1563 1778 1810 1839 operae.
1896 1779 2050 1842 ergo
2106 1756 2300 1840 primi
2347 1756 2724 1840 obsequium

427 1885 723 1947 rumpere
760 1865 899 1927 ausi
938 1863 1080 1927 Kal.
1109 1860 1239 1926 Ian.
1279 1863 1450 1948 adigi
1492 1867 1887 1927 sacramento
1924 1864 2046 1926 nisi
2090 1864 2158 1926 in
2193 1885 2427 1926 nomen
2466 1867 2723 1927 senatus

424 1974 798 2034 recusarunt
837 1970 1182 2052 statimque
1219 1969 1608 2056 legationem
1641 1970 1722 2033 ad
1758 1970 2198 2053 praetorianos
2227 1991 2371 2033 cum
2404 1968 2722 2033 mandatis

347 2099 398 2140 ιε
428 2077 933 2141 destinauerunt:
982 2077 1397 2162 displicere
1445 2077 1989 2160 imperatorem
2036 2078 2112 2140 in
2151 2076 2530 2159 Hispania
2569 2076 2723 2139 fac-

426 2189 612 2268 tum3
676 2182 1058 2268 eligerent
1123 2185 1273 2266 ipsi
1340 2206 1556 2268 quem
1624 2185 1883 2249 cuncti
1948 2183 2334 2248 exercitus
2392 2203 2724 2267 compro-

2762 1561 2795 1607 2

425 2291 710 2354 barent.
794 2291 967 2373 quod
994 2294 1069 2355 ut
1100 2292 1469 2355 nuntiatum
1498 2295 1611 2373 est,
1658 2290 1984 2375 despectui
2024 2311 2160 2353 esse
2186 2311 2320 2354 non
2347 2294 2481 2354 tam
2510 2310 2720 2353 senec-
2742 2288 2828 2353 17

424 2403 556 2460 tam
606 2419 787 2462 suam
836 2420 1027 2481 quam
1075 2397 1417 2462 orbitatem
1462 2402 1668 2481 ratuS‚
1722 2396 2026 2461 Pisonem
2072 2396 2272 2482 Frugi
2319 2396 2723 2460 Licinianum

423 2504 708 2568 nobilem
737 2505 1195 2590 egregiumque
1225 2505 1523 2568 iuuenem
1553 2525 1626 2567 ac
1655 2504 1778 2569 sibi
1800 2504 1956 2567 olim
1985 2503 2513 2587 probatissimum
2534 2505 2725 2566 testa-

347 2633 399 2672 20
428 2614 771 2693 mentoque
808 2631 1060 2693 semper
1096 2610 1164 2672 in
1200 2610 1371 2674 bona
1407 2615 1472 2674 et
1507 2633 1744 2675 nomen
1783 2610 2099 2674 adscitum
2142 2614 2406 2694 repente
2445 2633 2478 2673 e
2516 2608 2725 2673 media

428 2718 845 2781 salutantium
883 2717 1073 2780 turba
1109 2717 1528 2801 adprehendit
1564 2717 1897 2800 filiumque
1936 2717 2265 2800 appellans
2311 2716 2611 2799 perduxit
2658 2717 2725 2779 in

429 2827 635 2887 castra
671 2845 745 2888 ac
781 2845 898 2907 pro
926 2824 1238 2888 contione
1275 2823 1626 2907 adoptauit,
1663 2845 1745 2886 ne
1784 2827 1938 2887 tunc
1977 2823 2236 2905 quidem
2274 2823 2562 2886 donatiui
2593 2821 2725 2885 ulla

426 2931 751 2993 mentione
797 2929 982 2993 facta.
1069 2952 1197 3012 quo
1242 2929 1597 2995 faciliorem
1647 2929 2049 3021 occasionem
2095 2929 2180 2993 M.
2222 2928 2440 2992 Saluio
2480 2926 2723 2991 Othoni

425 3037 721 3119 praebuit
765 3036 1138 3121 perficiendi
1187 3040 1411 3100 conata
1457 3037 1627 3099 intra
1674 3040 1927 3099 sextum
1976 3036 2342 3119 adoptionis
2389 3035 2575 3099 diem.

348 3167 397 3206 25
603 3144 838 3229 Magna
886 3147 951 3206 et
996 3142 1249 3206 assidua
1304 3147 1589 3206 monstra
1634 3143 1764 3206 iam
1823 3143 1971 3206 inde
2020 3166 2056 3206 a
2100 3141 2420 3226 principio
2477 3143 2721 3206 exitum
2744 3140 2834 3207 18

427 3250 510 3334 ei,
572 3249 780 3334 qualis
836 3250 1077 3333 euenit,
1131 3249 1599 3332 portenderant.
1695 3271 1842 3314 cum
1898 3272 2013 3334 per
2075 3271 2261 3313 omne
2322 3250 2446 3312 iter
2503 3249 2726 3313 dextra

427 3357 813 3440 sinistraque
851 3357 1207 3442 oppidatim
1250 3356 1549 3420 uictimae
1587 3357 2019 3440 caederentur,
2056 3361 2279 3419 taurus
2317 3357 2556 3420 securis
2594 3355 2725 3420 ictu

428 3468 870 3528 consternatus
918 3469 1108 3547 rupto
1146 3465 1406 3528 uinculo
1454 3463 1746 3527 essedum
1790 3463 1927 3526 eius
1974 3463 2215 3526 inuasit
2261 3461 2574 3546 elatisque
2621 3486 2724 3545 pe·

426 3571 613 3636 dibus
659 3575 871 3635 totum
919 3593 1141 3635 cruore
1187 3570 1496 3654 perfudit3
1543 3591 1618 3635 ac
1667 3569 2153 3634 descendentem
2201 3570 2567 3653 speculator
2611 3569 2725 3632 im-

345 3698 398 3738 30
426 3678 618 3763 pulsu
653 3678 880 3742 turbae
908 3678 1127 3741 lancea
1152 3698 1352 3760 prope
1382 3677 1762 3741 uulnerauit.
1847 3675 2071 3739 urbem
2110 3697 2368 3759 quoque
2398 3678 2460 3740 et
2501 3675 2726 3738 deinde

427 3784 744 3849 Palatium
796 3785 1153 3870 ingressum
1192 3783 1442 3867 excepit
1482 3787 1686 3846 terrae
1723 3787 1964 3846 tremor
2011 3786 2075 3846 et
2114 3782 2417 3847 assimilis
2466 3780 2725 3864 quidam

570 3930 603 3976 4
640 3925 710 3990 ef.
753 3925 934 3978 Victor
973 3924 1120 3978 Cae-9.
1154 3929 1206 3989 6,
1233 3928 1271 3977 2
1309 3924 1444 3992 quia
1481 3939 1613 3990 opes
1661 3922 1903 3975 militum
1954 3922 2121 3975 nimis
2166 3921 2443 3990 pecuniae
2487 3921 2725 3991 cupidus

429 4006 839 4058 attenuauerat.
990 4011 1054 4057 18
1090 4005 1237 4059 Oros.
1279 4005 1403 4058 VII
1414 4008 1470 4069 8,
1491 4008 1521 4057 1
1560 4002 1820 4056 Pisonem
1859 4002 1967 4056 sibi
1997 4001 2244 4056 nobilem
2272 4001 2725 4071 industriumque

429 4084 845 4137 adulescentem
881 4084 941 4137 in
978 4083 1163 4137 filium
1201 4087 1371 4151 atque
1409 4083 1468 4135 in
1504 4100 1741 4152 regnum
1780 4082 2079 4151 adoptauit
2117 4084 2204 4151 (cf.
2252 4084 2389 4137 Otho
2429 4086 2500 4152 5).

572 4234 601 4279 3
639 4242 875 4296 propere
913 4244 946 4285 ς
1073 4225 1363 4280 ordinibus
1401 4227 1463 4279 in
1499 4243 1671 4296 maa-9.
1703 4226 1830 4279 add.
1865 4229 1938 4280 M
1940 4225 1960 4255 ²
2096 4224 2339 4278 offensus
2378 4227 2498 4279 XN
2522 4226 2725 4296 (Roth),

427 4307 678 4362 infensus
716 4323 749 4368 ς
787 4308 876 4376 (ef.
908 4308 1097 4361 Herm.
1128 4311 1199 4361 40
1220 4323 1278 4374 p.
1310 4309 1438 4375 190)
1605 4311 1670 4358 12
1711 4305 1961 4360 aduersis
1994 4308 2067 4359 M
2238 4311 2302 4359 13
2342 4305 2491 4376 ausi]
2530 4307 2629 4359 aut
2666 4322 2724 4360 se

426 4390 498 4454 R,
538 4405 604 4443 ac
642 4403 702 4441 se
731 4387 839 4457 HQ
1013 4392 1077 4440 18
1114 4385 1385 4439 licianum
1416 4386 1581 4453 MP1,
1619 4386 1780 4439 licini
1827 4386 2133 4439 admodum
2166 4386 2217 4440 G
2390 4391 2459 4438 20
2497 4386 2727 4454 insuper

436 4471 603 4538 Torr.‚
653 4485 832 4537 nuper
870 4467 1207 4522 Cornelissen
1254 4467 1344 4535 (cf.
1372 4466 1564 4520 Herm.
1596 4471 1669 4521 37
1687 4483 1746 4535 p.
1779 4468 1906 4534 592)
2090 4471 2154 4519 31
2195 4468 2378 4519 terrae
2425 4467 2633 4519 tremor
2674 4465 2723 4519 G

428 4551 761 4619 (Erasmus),
797 4551 950 4603 terra
987 4550 1045 4601 et
1079 4550 1288 4601 tremor
1318 4548 1404 4614 M,
1441 4548 1593 4600 terra
1627 4549 1869 4601 tremore
1896 4548 1976 4601 rel
