3325 5209
585 425 718 490 326
1286 423 1343 478 C.
1383 423 1700 479 SVETONI
1737 423 2183 488 TRANQVTLLI

588 588 933 674 summa[e']
1010 588 1361 653 industriae
1434 609 1554 653 nec
1624 588 1873 652 minore
1939 587 2377 673 modestiae[t]
2443 588 2640 671 fama,
2717 589 2884 653 sicut

587 699 854 779 apparet
914 692 1270 761 statuarum
1332 699 1396 759 et
1456 694 1808 781 imaginum
1866 694 2003 759 eius
2063 695 2478 760 multitudine
2538 717 2614 760 ac
2673 695 2883 760 titulis

584 824 700 886 per
743 806 1082 888 utramque
1128 802 1547 885 prouinciam.

515 926 546 972 2
765 908 924 974 Post
972 909 1293 994 stipendia
1336 910 1480 974 foro
1530 931 1791 994 operam
1830 908 2003 973 dedit
2049 909 2385 973 honestam
2434 908 2641 995 magis
2690 931 2883 993 quam

587 1016 933 1100 assiduam,
979 1016 1328 1100 eodemque
1373 1020 1664 1100 tempore
1710 1014 2080 1080 Arrecinam
2133 1015 2507 1100 Tertullam,
2553 1019 2736 1099 patre
2784 1038 2880 1100 eq.

585 1122 662 1187 R.
721 1124 832 1188 sed
887 1124 1210 1208 praefecto
1271 1123 1595 1206 quondam
1651 1123 2203 1206 praetorianarum
2251 1121 2642 1208 cohortium,
2699 1123 2884 1187 duxit

586 1252 855 1295 uxorem
913 1234 978 1294 et
1031 1232 1100 1295 in
1147 1230 1485 1295 defunctae
1540 1229 1754 1295 locum
1802 1228 2111 1294 Marciam
2159 1228 2514 1294 Furnillam
2563 1229 2882 1314 splendidi

586 1337 867 1423 generis3
916 1359 1059 1402 cum
1110 1360 1241 1420 qua
1284 1338 1539 1401 sublata
1583 1337 1725 1401 filia
1752 1326 2118 1400 'diuortium
2170 1336 2336 1403 fecit.

515 1460 547 1508 3
764 1444 867 1508 Ex
927 1448 1306 1530 quaesturae
1361 1443 1589 1508 deinde
1641 1442 1889 1508 honore
1943 1442 2186 1528 legioni
2241 1444 2647 1527 praepositus
2705 1442 2882 1507 Tari-

588 1551 814 1616 chaeas
862 1556 927 1615 et
974 1549 1306 1615 Gamalam
1354 1551 1544 1614 urbes
1589 1548 1862 1614 Iudaeae
1907 1550 2335 1614 ualidissimas
2381 1551 2447 1613 in
2493 1553 2880 1634 potestatem

588 1658 863 1744 redegit,
928 1679 1092 1741 equo
1151 1657 1425 1741 quadam
1481 1658 1616 1722 acie
1674 1658 1794 1721 sub
1850 1656 2197 1721 feminibus
2252 1658 2490 1721 amisso
2551 1658 2882 1741 alteroque

588 1766 899 1849 inscenso,
947 1766 1128 1830 cuius
1173 1768 1387 1829 rector
1433 1764 1600 1828 circa
1646 1786 1716 1828 se
1763 1764 2072 1828 dimicans
2120 1764 2522 1829 occubuerat.

491 1872 533 1938 5
765 1870 968 1937 Galba
1012 1895 1166 1938 mox
1211 1875 1470 1936 tenente
1515 1893 1649 1938 rem
1697 1896 1758 1956 p.
1806 1873 2038 1936 missus
2086 1872 2166 1935 ad
2211 1871 2684 1957 gratulandum,
2732 1893 2882 1956 qua-

593 2001 719 2062 qua
778 1980 904 2044 iret
962 1980 1283 2043 conuertit
1341 1980 1663 2062 homines,
1737 1978 1925 2062 quasi
1984 1978 2349 2061 adoptionis
2415 1979 2623 2064 gratia
2682 1999 2882 2043 arces-

587 2090 849 2151 seretnr.
925 2086 1034 2151 sed
1071 2087 1186 2150 ubi
1226 2086 1475 2150 turbari
1520 2107 1742 2149 rursus
1781 2089 2010 2149 cuncta
2047 2086 2267 2168 sensit,
2312 2085 2481 2149 redit
2516 2107 2594 2148 ex
2632 2086 2881 2168 itinere,

587 2193 894 2276 aditoque
941 2192 1227 2277 Paphiae
1274 2191 1543 2256 Veneris
1601 2191 1892 2273 oraculo,
1948 2190 2099 2253 dum
2148 2190 2226 2253 de
2270 2192 2686 2276 nauigatione
2735 2212 2880 2255 con-

513 2317 542 2363 2
590 2301 762 2383 sulit,
809 2302 1004 2363 etiam
1052 2300 1128 2363 de
1175 2299 1430 2383 imperii
1470 2319 1583 2381 spe
1621 2299 2036 2363 confirmatus
2074 2300 2185 2361 est.
2273 2298 2453 2361 cuius
2492 2298 2674 2362 breui
2714 2320 2881 2363 com-

582 2429 701 2490 pos
759 2411 823 2472 et
879 2407 957 2470 ad
1013 2405 1514 2490 perdomandam
1562 2403 1860 2469 Iudaeam
1919 2405 2199 2487 relictus,
2253 2405 2609 2468 nouissima
2653 2404 2881 2469 Hiero-

585 2514 982 2596 solymorum
1058 2513 1542 2597 oppugnatione
1616 2511 1954 2577 duodecim
2027 2514 2543 2597 propugnatores
2607 2512 2880 2576 totidem

586 2620 967 2704 sagittarum
1007 2619 1284 2683 confecit
1330 2618 1584 2701 ictibus,
1631 2620 1931 2702 cepitque
1969 2642 2043 2682 ea
2078 2619 2279 2684 natali
2315 2617 2487 2683 filiae
2517 2640 2668 2683 suae
2695 2623 2879 2683 tanto

583 2726 865 2790 militnm
907 2726 1143 2812 gaudio
1181 2748 1254 2790 ac
1290 2726 1530 2809 fauore,
1566 2729 1642 2788 ut
1679 2725 1747 2788 in
1784 2726 2212 2810 gratulatione
2251 2728 2704 2810 imperatorem
2735 2748 2881 2790 eum

589 2832 1135 2897 consalutauerint
1194 2836 1258 2896 et
1313 2831 1582 2896 subinde
1630 2830 2037 2895 decedentem
2085 2831 2422 2916 prouincia
2468 2832 2880 2915 detinuerint,

728 2997 755 3044 1
794 2992 864 3057 cf.
887 2991 1123 3061 Eutrop.
1157 2992 1280 3045 VII
1297 2994 1391 3055 21,
1411 2995 1441 3043 1
1480 2987 1961 3054 bellicosissimus,
1981 2988 2480 3043 moderatissimus.
2593 2994 2658 3042 18
2699 2990 2882 3045 Victor

586 3071 735 3126 caes.
765 3076 818 3138 9,
836 3076 909 3125 10
943 3070 1249 3139 Iudaeique
1288 3071 1370 3139 (in
1398 3087 1593 3139 pacem
1629 3070 1822 3138 coacte)
1862 3069 2155 3123 annitente
2182 3068 2299 3121 fflio
2318 3067 2464 3136 Tito,
2503 3084 2671 3137 quem
2698 3070 2881 3122 trans—

583 3152 843 3221 grediens
880 3152 940 3205 in
968 3151 1195 3205 Italiam
1230 3150 1538 3218 reliquerat
1566 3152 1828 3203 externae
1855 3149 2112 3203 militiae.
2184 3150 2332 3204 Oros,
2364 3150 2486 3204 VII
2514 3154 2567 3215 9,
2587 3153 2621 3202 3
2657 3148 2879 3204 relicto-

583 3248 692 3299 que
727 3232 789 3285 in
817 3232 1015 3287 castris
1043 3233 1119 3285 ad
1145 3229 1599 3301 procurationem
1636 3229 1946 3283 obsidionis
1974 3229 2491 3298 Hierosolymorum
2518 3229 2633 3282 fflio
2662 3228 2807 3282 Tito,

584 3318 650 3365 18
671 3328 790 3379 sqq.
829 3313 1067 3381 Eutrop.
1101 3314 1223 3366 VII
1241 3317 1333 3378 21,
1351 3315 1390 3365 2
1434 3310 1495 3363 in
1542 3309 1966 3379 oppugnatione
2003 3309 2523 3378 Hierusolymorum
2568 3309 2672 3363 sub
2718 3311 2881 3378 patre

579 3391 833 3446 militans
872 3393 1169 3447 duodecim
1205 3392 1650 3462 propugnatores
1690 3389 1987 3443 duodecim
2024 3390 2361 3460 sagittarum
2409 3389 2637 3444 confixit
2673 3389 2879 3443 ictibus

583 3470 930 3542 (ἰσαρίθμοις
967 3471 1144 3543 βέλεσι
1192 3474 1422 3541 Paean.)
1615 3477 1672 3524 21
1744 3471 1893 3525 Oros.
1928 3472 2052 3525 VII
2079 3475 2131 3536 9,
2153 3476 2188 3525 6
2242 3469 2404 3523 Titus
2451 3470 2760 3538 imperator
2805 3469 2877 3523 ab

581 3553 829 3608 exercitu
865 3553 1280 3653 pronuntiatus

726 3702 753 3749 1
793 3713 1009 3748 summa
1044 3695 1358 3749 industriae
1388 3727 1454 3734 —
1484 3695 1795 3749 modestiae
1831 3694 1987 3749 fama
2024 3712 2059 3754 ς
2093 3694 2232 3764 (edd.
2267 3712 2356 3762 pr.
2389 3695 2587 3763 Rom),
2626 3709 2879 3747 summae

579 3775 893 3829 industriae
946 3777 1184 3844 (summa
1234 3775 1517 3829 industria
1556 3774 1722 3845 H¹Q÷5
1760 3776 1934 3845 moly.)
1971 3808 2039 3815 —
2078 3774 2358 3828 modestia
2408 3776 2466 3828 et
2508 3773 2662 3827 fama
2699 3776 2752 3826 Ω
2802 3775 2882 3841 (et

580 3855 735 3908 fama
771 3873 871 3910 om.
906 3858 993 3925 N)
1176 3860 1207 3908 2
1247 3858 1305 3910 et
1342 3863 1468 3910 ante
1507 3857 1820 3909 statuarum
1858 3854 1986 3908 add.
2026 3858 2074 3908 Τ
2110 3855 2301 3926 (uulq.)
2486 3859 2517 3907 5
2554 3853 2881 3908 Arrecinam

584 3937 748 4002 Roth,
796 3935 1142 3991 adrecidiam
1181 3939 1315 4004 (arr—
1356 3938 1489 4005 HR)
1527 3938 1580 3989 Ω.
1755 3933 2042 3989 tertullam
2081 3940 2149 4001 X,
2194 3934 2487 3989 tertullum
2527 3936 2613 4001 M,
2652 3933 2880 3987 tertullo

585 4017 726 4072 G‘m
781 4010 786 4015 ’
909 4022 939 4069 6
979 4016 1102 4087 sed]
1141 4017 1240 4069 sed
1278 4016 1348 4070 de
1387 4018 1518 4083 HR,
1555 4018 1752 4069 natam
1789 4015 1890 4069 sed
1933 4015 1983 4068 T
2160 4019 2188 4067 7
2225 4014 2517 4068 furnillam
2555 4016 2668 4070 ,ΕΤ
2696 4022 2748 4070 et
2774 4031 2880 4084 pro

580 4115 636 4151 u.
669 4096 824 4163 l.11²,
862 4095 1172 4150 furmillam
1200 4099 1262 4163 Τ,
1298 4096 1538 4149 fuluiam
1569 4114 1602 4155 ς
1745 4102 1775 4149 9
1807 4095 1890 4149 Ex
1919 4111 2020 4149 om.
2047 4095 2098 4149 G
2232 4094 2445 4165 legioni
2467 4096 2590 4165 HQ,
2617 4094 2879 4165 religioni

582 4179 625 4246 (—
604 4193 699 4231 —ne
719 4178 793 4246 R)
825 4179 970 4243 MR,
998 4197 1034 4229 x
1060 4176 1276 4247 legioni
1299 4177 1350 4231 G
1377 4177 1469 4246 (G.
1491 4175 1735 4245 Becker),
1762 4173 1980 4242 regioni
2008 4178 2067 4226 X
2202 4172 2542 4229 Tarichaeas
2572 4176 2616 4245 (
2592 4173 2807 4229 chicas
2828 4190 2878 4242 ς,

581 4256 775 4310 -cheas
808 4258 1060 4323 Ursinus,
1095 4255 1278 4312 -chias
1299 4258 1550 4328 Bentley,
1587 4255 1810 4310 -cheam
1826 4255 1905 4308 H.
1919 4254 2251 4324 Barbarus),
2287 4255 2537 4308 thracias
2555 4258 2608 4308 Ω
2636 4255 2879 4325 (thacias

586 4335 653 4401 G,
690 4335 938 4390 trachiae
968 4338 1100 4405 HR)
1255 4343 1320 4390 12
1359 4352 1590 4392 ascenso
1635 4336 1683 4406 Q
1719 4335 1808 4405 (cf.
1848 4336 1957 4389 Iul.
1991 4337 2083 4404 61)
2235 4336 2430 4389 uector
2466 4334 2738 4389 Heinsius

582 4416 776 4469 contra
815 4431 873 4469 se
913 4435 946 4476 ς
982 4417 1119 4486 (edd.
1142 4419 1347 4486 princ„
1385 4417 1558 4487 παῖς.)
1709 4421 1774 4468 15
1811 4414 1984 4470 rediit
2018 4417 2066 4467 Τ
2206 4419 2274 4467 20
2314 4414 2541 4469 confixit
2569 4415 2803 4484 Eutrop

581 4510 649 4549 ea
680 4498 765 4561 M,
803 4511 926 4549 eam
961 4498 1056 4552 rel.
1235 4503 1300 4551 22
1340 4496 1733 4551 consalutauer
1774 4497 1859 4562 M,
1896 4496 2126 4548 -uerunt
2155 4497 2218 4548 H
2222 4495 2238 4525 ¹
2408 4493 2762 4548 detenuerint
2792 4496 2878 4561 M,

581 4574 843 4630 detinuei‘
866 4576 1005 4631 L¹P

2913 1576 2964 1615 10

2912 2110 2961 2149 15
