3325 5209
1145 427 1364 482 DIVVS
1400 426 1639 482 IVLIVS
1680 440 1809 488 [CAP.
1841 440 2019 489 49—53]
2653 428 2737 490 27

444 593 676 655 ciliare.
769 613 850 655 ne
897 591 1401 676 prouincialibus
1448 590 1707 674 quidem
1745 590 2171 655 matrimoniis
2210 592 2597 655 abstinuisse
2633 590 2740 654 uel
2759 587 2845 655 51

443 697 568 762 hoc
615 697 894 763 disticho
934 698 1168 780 <FPR
1193 719 1259 780 p.
1290 698 1459 781 330>
1504 702 1772 781 apparet
1816 698 2054 761 iactato
2096 720 2298 781 aeque
2344 720 2381 761 a
2426 697 2744 761 militibus

444 826 561 888 per
606 803 919 868 Gallicum
968 806 1398 890 triumphum:

499 910 803 995 urbani,
834 917 1137 976 seruate
1174 933 1478 975 uxores:
1516 910 1906 975 moechum
1948 913 2242 975 caluom
2282 910 2744 975 adducimus,

391 1042 416 1081 5
501 1039 759 1081 aurum
805 1019 885 1082 in
933 1016 1184 1082 Gallia
1230 1018 1656 1101 effutuisti,
1700 1017 1826 1081 hic
1872 1019 2272 1101 sumpsisti
2317 1021 2671 1081 mutuum.

450 1124 677 1188 dilexit
724 1129 789 1189 et
834 1126 1116 1210 reginas,
1172 1125 1341 1189 inter
1396 1146 1553 1208 quas
1600 1125 1872 1189 Eunoen
1918 1124 2210 1188 Mauram
2255 1124 2544 1209 Bogudis
2589 1123 2854 1189 uxo-52

448 1254 602 1314 rem,
649 1232 753 1295 cui
798 1231 1159 1314 maritoque
1206 1232 1341 1295 eius
1387 1231 1670 1314 plurima
1706 1235 1770 1294 et
1806 1231 2118 1296 immensa
2153 1230 2410 1314 tribuit,
2455 1234 2530 1294 ut
2565 1229 2744 1294 Naso

452 1337 734 1422 scripsit3
800 1338 912 1401 sed
967 1339 1245 1402 maxime
1303 1336 1736 1421 Cleopatram,
1801 1358 1946 1401 cum
2008 1360 2134 1421 qua
2195 1342 2259 1401 et
2318 1336 2619 1401 conuiuia
2677 1337 2745 1399 in

450 1446 723 1528 primam
790 1446 997 1508 lucem
1073 1466 1261 1529 saepe
1334 1445 1654 1527 protraxit
1729 1448 1793 1508 et
1856 1445 2072 1508 eadem
2143 1465 2306 1507 naue
2378 1442 2744 1526 thalamego

368 1574 421 1614 ιο
451 1572 651 1634 paene
705 1550 1056 1635 Aethiopia
1118 1555 1305 1615 tenus
1360 1549 1734 1635 Aegyptum
1796 1551 2186 1634 penetrauit,
2244 1551 2371 1614 nisi
2430 1550 2748 1612 exercitus

452 1658 635 1740 sequi
694 1660 1080 1741 recusasset,
1145 1679 1337 1740 quam
1401 1657 1677 1740 denique
1723 1659 1995 1721 accitam
2053 1659 2123 1721 in
2176 1655 2398 1721 urbem
2446 1678 2576 1745 non
2623 1654 2747 1719 nisi

452 1764 749 1827 maximis
794 1763 1150 1828 honoribus
1197 1764 1629 1848 praemiisque
1677 1768 1928 1828 auctam
1974 1764 2226 1828 remisit
2260 1762 2594 1845 filiumque
2639 1783 2748 1825 na-

452 1875 591 1933 tum
640 1869 959 1954 appellare
1005 1872 1266 1935 nomine
1313 1892 1428 1934 suo
1473 1892 1701 1953 passus
1741 1875 1852 1934 est.
1929 1893 2119 1955 quem
2158 1869 2416 1953 quidem
2453 1870 2748 1932 nonnulli
2786 1888 2819 1934 2

455 1975 839 2041 Graecorum
897 1976 1171 2041 similem
1228 1998 1483 2061 quoque
1533 1975 1788 2040 Caesari
1844 1981 1911 2040 et
1962 1977 2174 2040 forma
2219 1980 2282 2039 et
2328 1977 2577 2040 incessu
2624 1979 2749 2038 tra-

370 2105 424 2145 15
456 2083 771 2147 diderunt.
865 2083 949 2148 M.
996 2083 1324 2149 Antonius
1389 2083 1728 2169 adgnitum
1793 2085 1986 2147 etiam
2051 2083 2131 2147 ab
2194 2104 2268 2146 eo
2331 2084 2580 2146 senatui
2645 2081 2750 2145 ad-

454 2191 767 2272 firmauit,
837 2213 1000 2275 quae
1061 2192 1221 2255 scire
1292 2189 1356 2254 C.
1413 2189 1686 2254 Matium
1755 2194 1820 2254 et
1881 2188 1945 2256 C.
1994 2188 2275 2273 Oppium
2339 2188 2751 2272 reliquosque

457 2295 742 2361 Caesaris
799 2298 1066 2382 amicos3
1127 2318 1402 2380 quorum
1461 2295 1652 2361 Gaius
1708 2295 1984 2381 OppiuS,
2046 2298 2230 2380 quasi
2290 2297 2479 2380 plane
2539 2295 2750 2359 defen-

455 2405 633 2467 sione
690 2425 765 2468 ac
817 2405 1175 2487 patrocinio
1232 2425 1334 2467 res
1391 2408 1631 2489 egeret,
1678 2403 1915 2467 librum
1963 2402 2189 2487 edidit,
2236 2424 2366 2466 non
2414 2424 2551 2467 esse
2601 2401 2752 2466 Cae-

457 2511 615 2574 saris
679 2510 911 2594 filium,
977 2533 1168 2594 quem
1233 2509 1577 2594 Cleopatra
1641 2510 1828 2574 dicat.
1930 2509 2204 2573 Heluius
2272 2505 2475 2572 Cinna
2537 2512 2614 2571 tr.
2663 2508 2747 2592 pl.
2789 2527 2821 2574 3

373 2639 428 2678 20
456 2618 775 2701 plerisque
833 2618 1162 2682 confessus
1220 2622 1318 2681 est
1372 2617 1674 2680 habuisse
1730 2638 1798 2680 se
1853 2616 2157 2700 scriptam
2204 2620 2621 2699 paratamque
2667 2615 2754 2678 le-

457 2746 622 2810 gem,
670 2746 862 2807 quam
912 2723 1141 2788 Caesar
1177 2724 1343 2787 ferre
1380 2724 1674 2787 iussisset
1712 2745 1857 2787 cum
1893 2724 2033 2805 ipse
2071 2723 2339 2807 abesset,
2386 2724 2482 2786 uti
2517 2744 2751 2785 uxores

455 2830 806 2894 liberorum
827 2830 1334 2914 quaerendorum
1363 2852 1556 2894 causa
1579 2851 1738 2912 quas
1763 2834 1827 2894 et
1856 2834 2015 2913 quot
2036 2829 2235 2893 uellet
2257 2829 2484 2893 ducere
2513 2828 2750 2893 liceret.

460 2941 527 3000 at
570 2959 650 3000 ne
696 2938 799 3001 cui
847 2935 1114 3001 dubium
1134 2935 1140 2939 ’
1162 2938 1423 3000 omnino
1473 2938 1556 3000 sit
1603 2941 1669 3000 et
1714 2937 2152 3020 impudicitiae
2190 2940 2256 2999 et
2292 2935 2751 2999 adulteriorum

457 3043 762 3129 flagrasse
809 3042 1099 3127 infamia,
1149 3042 1344 3106 Curio
1390 3048 1574 3127 pater
1621 3043 1897 3126 quadam
1946 3064 2090 3106 eum
2139 3044 2428 3106 oratione
2465 3042 2752 3106 omnium

377 3170 429 3210 25
458 3150 801 3214 mulierum
847 3150 1061 3214 uirum
1110 3153 1172 3214 et
1222 3151 1510 3215 omnium
1558 3151 1847 3213 uirorum
1894 3149 2227 3214 mulierem
2275 3148 2573 3234 appellat.

637 3255 790 3320 Vini
835 3257 1286 3341 parcissimum
1331 3279 1412 3320 ne
1458 3256 1706 3320 inimici
1753 3256 2010 3339 quidem
2054 3260 2469 3341 negauerunt.
2552 3254 2859 3321 Marci53

463 3362 722 3427 Catonis
777 3366 899 3427 est:
958 3386 1184 3427 unum
1242 3386 1329 3427 ex
1385 3364 1738 3427 omnibus
1806 3361 2200 3427 Caesarem
2261 3363 2350 3426 ad
2409 3367 2753 3427 euerten-

602 3561 635 3608 8
673 3557 742 3622 cf.
783 3556 1018 3623 Eutrop.
1060 3557 1149 3609 VI
1175 3559 1267 3622 22,
1299 3559 1333 3608 3

599 3758 632 3805 4
672 3750 892 3805 caluom
912 3752 1076 3817 Roth,
1105 3751 1307 3804 caluon
1330 3753 1404 3804 M
1414 3751 1464 3805 G
1479 3753 1539 3816 V,
1570 3749 1794 3803 caluum
1822 3752 1914 3804 rel.
2054 3757 2086 3803 5
2116 3767 2252 3804 auro
2282 3758 2330 3805 et
2357 3758 2470 3805 tum
2499 3754 2754 3820 stuprum

458 3831 644 3884 emisti
676 3848 783 3899 pro
810 3829 1085 3884 effutuisti
1114 3829 1384 3900 (effudisti
1406 3831 1677 3900 L³<;)11R
1811 3830 1991 3900 gallia
2017 3829 2103 3896 T‘,
2141 3831 2373 3900 galliam
2402 3832 2514 3896 rel„
2554 3830 2754 3883 Galliis

466 3912 700 3979 Gujetus
805 3913 1059 3965 mutuom
1088 3912 1343 3966 Ba'hrens
1453 3916 1481 3963 7
1520 3912 1584 3963 ut
1613 3927 1714 3963 om.
1748 3911 1800 3963 V
1900 3910 2053 3965 Naso
2085 3928 2117 3969 ς
2148 3912 2581 3981 (Μαηοίηεῖῖιιε),
2614 3927 2755 3963 uasa

462 4006 599 4045 corr.
638 4008 706 4045 ex
743 4005 883 4043 uasu
920 3998 983 4044 ut
1018 3992 1134 4044 uid.
1169 3993 1243 4044 M
1275 3991 1505 4058 (priores
1541 3993 1706 4043 uasta
1743 3994 2109 4059 exceperant),
2145 4006 2284 4043 uasa
2313 3988 2466 4055 X‘Y,
2504 4006 2670 4042 uasas
2704 3991 2756 4044 G

464 4076 495 4123 9
523 4069 887 4137 thalamoque
914 4069 1224 4125 Y'P202L3
1343 4076 1406 4122 12
1436 4071 1795 4139 praemisque
1816 4071 1963 4126 Roth
2088 4075 2152 4123 13
2175 4072 2290 4142 (e)
2312 4070 2537 4124 nomine
2560 4071 2751 4124 Medd.

467 4155 531 4203 16
574 4166 719 4218 quae
765 4152 894 4220 (que
933 4168 1037 4218 per
1081 4151 1353 4219 compend.
1389 4152 1464 4205 M
1504 4157 1554 4204 et
1597 4152 1871 4220 plerique,
1923 4167 2069 4219 quae
2112 4151 2242 4221 QR)
2292 4150 2457 4221 scire]
2505 4150 2757 4219 scireque

468 4231 796 4297 Glareanus,
837 4230 1097 4303 <id>que
1135 4231 1275 4284 scire
1307 4231 1500 4285 Medd.
1649 4231 1882 4300 appium
1919 4234 1993 4285 M
2135 4237 2198 4285 19
2239 4231 2308 4285 de
2347 4230 2634 4300 cleopatra
2674 4231 2756 4283 di-

464 4312 596 4364 cant
646 4313 695 4363 T
852 4316 916 4363 21
965 4315 1031 4364 ut
1076 4311 1218 4382 <e>i
1257 4312 1524 4366 Bic’cheler
1687 4316 1753 4364 22
1793 4312 1958 4382 quas]
2004 4328 2144 4381 quos
2189 4312 2387 4379 LPO,
2443 4328 2583 4380 quas
2630 4310 2756 4379 quis

468 4390 606 4463 Oud.
752 4390 966 4444 uellent
994 4395 1070 4457 X,
1111 4390 1288 4445 uellet
1324 4391 1450 4459 quis
1490 4410 1520 4457 ρ
1668 4397 1735 4443 23
1775 4395 1835 4444 at
1874 4391 1966 4460 (ad
2001 4394 2097 4459 M)
2129 4396 2207 4458 Ω,
2255 4395 2424 4460 atque
2454 4394 2527 4461 (ς)
2566 4395 2654 4446 uel
2692 4408 2757 4444 ac

463 4472 574 4536 fere
609 4470 728 4524 edd.
895 4487 1022 4523 eum
1054 4479 1178 4539 post
1214 4469 1605 4540 impudicitiae
1643 4470 1773 4524 add.
1820 4475 1869 4522 Τ
2027 4477 2092 4523 27
2132 4472 2378 4525 Verbum
2416 4480 2542 4526 ante
2580 4471 2756 4524 Marci

466 4551 591 4604 add.
637 4550 875 4617 T'P2N,
903 4557 1031 4620 post
1067 4554 1153 4605 est
1187 4551 1258 4605 0²
1294 4553 1384 4619 (cf.
1428 4551 1616 4621 Quint.
1656 4553 1781 4604 inst.
1824 4551 1982 4605 VIII
2009 4554 2063 4617 2,
2093 4554 2148 4620 9)
