3325 5209
1128 399 1374 454 ·DIVVS
1411 400 1650 454 IVLIVS
1692 411 1821 459 [cmv.
1853 410 2029 460 82—85]
2655 401 2742 463 45

437 563 574 626 dies
636 585 771 627 non
835 562 1205 647 uidebatur,
1270 568 1709 647 praeceptum,
1774 566 1849 626 ut
1904 564 2143 627 omisso
2202 562 2452 644 ordine,
2509 562 2743 645 quibus

438 668 725 752 quisque·
771 670 968 733 uellet
1026 668 1365 734 itineribus
1421 668 1603 732 urbis
1613 719 1630 752 ,
1686 672 1978 752 portaret
2034 670 2103 733 in
2161 667 2490 754 Campum.
2573 669 2744 734 inter
2782 685 2811 731 2

439 776 626 840 ludos
665 778 922 839 cantata
969 780 1118 840 sunt
1157 776 1466 859 quaedam
1516 775 1596 839 ad
1632 776 2114 839 miserationem
2152 781 2216 839 et
2255 776 2566 840 inuidiam
2606 799 2743 841 cae-

442 882 538 945 dis
576 881 711 946 eius
751 883 1260 966 accommodata,
1297 905 1376 946 ex
1412 881 1655 945 Pacuui
1683 880 2035 947 Armorum
2072 882 2309 946 iudicio
2338 883 2501 965 (sm.
2534 883 2603 946 X
2614 883 2740 964 V>=

383 1014 410 1052 ⁵
663 1011 831 1052 men
879 1011 1255 1072 seruasse,
1302 992 1385 1051 ut
1430 992 1689 1052 essent
1738 988 1867 1072 qui
1913 1011 2024 1052 me
2070 990 2528 1072 perderent?

441 1099 506 1159 et
553 1118 632 1158 ex
680 1095 938 1159 Electra
984 1094 1156 1160 Acili
1211 1094 1292 1158 ad
1349 1095 1623 1159 similem
1672 1096 2074 1160 sententiam.
2162 1095 2552 1161 laudationis
2596 1096 2741 1160 loco

441 1201 665 1266 consul
710 1201 1034 1265 Antonius
1090 1224 1206 1286 per
1251 1223 1631 1286 praeconem
1683 1202 2138 1285 pronuntiauit
2183 1206 2443 1266 senatus
2492 1204 2740 1267 consul-

439 1312 608 1391 tum,
666 1330 792 1392 quo
851 1310 1067 1372 omnia
1121 1309 1317 1373 simul
1373 1308 1432 1372 ei
1490 1307 1709 1372 diuina
1773 1311 1966 1391 atque
2021 1310 2302 1373 humana
2357 1310 2740 1391 decreuerat,

440 1414 597 1478 item
646 1416 745 1478 ius
791 1416 1160 1499 iurandum,
1217 1438 1344 1499 quo
1403 1437 1470 1479 se
1518 1417 1733 1479 cuncti
1778 1437 1899 1499 pro
1947 1415 2152 1480 salute
2197 1417 2389 1480 unius
2437 1417 2744 1480 astrinxe-

355 1548 409 1586 10
437 1525 611 1601 rant3
658 1522 894 1605 quibus
940 1544 1260 1606 perpauca
1307 1546 1343 1586 a
1390 1544 1457 1586 se
1494 1522 1695 1586 uerba
1732 1522 1993 1587 addidit.
2074 1522 2313 1587 lectum
2352 1545 2470 1606 pro
2510 1523 2740 1588 rostris
2780 1537 2811 1583 3

438 1628 507 1691 in
551 1628 760 1692 forum
812 1627 1227 1714 magistratus
1285 1634 1349 1693 et
1402 1628 1762 1693 honoribus
1816 1629 2023 1693 functi
2070 1629 2457 1694 detulerunt.
2550 1651 2740 1712 quem

442 1755 586 1797 cum
649 1756 798 1818 pars
863 1734 932 1798 in
996 1733 1348 1818 Capitolini
1401 1733 1577 1798 Iouis
1644 1734 1804 1798 cella
1869 1757 2151 1800 cremare
2214 1758 2364 1819 pars
2431 1737 2500 1799 in
2566 1737 2742 1799 curia

438 1840 707 1924 Pompei
763 1841 1136 1926 destinaret,
1193 1846 1456 1926 repente
1512 1842 1638 1905 duo
1698 1843 1956 1925 quidam
2015 1843 2245 1929 gladiis
2303 1842 2610 1906 succincti
2667 1865 2742 1906 ac

439 1946 589 2011 bina
664 1947 872 2012 iacula
945 1952 1270 2033 gestantes
1346 1948 1718 2012 ardentibus
1793 1949 1990 2011 cereis
2068 1949 2531 2012 succenderunt
2595 1970 2740 2011 con-

362 2079 412 2119 15
444 2054 788 2138 festimque
845 2055 1401 2119 circumstantium
1457 2055 1650 2119 turba
1704 2054 1991 2141 uirgulta
2046 2054 2224 2118 arida
2279 2059 2343 2118 et
2401 2077 2547 2119 cum
2594 2053 2740 2117 sub-

442 2158 638 2222 selliis
696 2160 1072 2244 tribunalia,
1128 2162 1435 2245 quicquid
1490 2166 1824 2245 praeterea
1880 2161 1959 2224 ad
2006 2161 2243 2225 donum
2292 2160 2536 2245 aderat,
2595 2182 2740 2223 con-

439 2267 657 2351 gessit.
741 2267 966 2331 deinde
1013 2268 1308 2332 tibicines
1356 2272 1422 2332 et
1469 2267 1743 2332 scaenici
1791 2269 2069 2332 artifices
2108 2272 2371 2351 uestem,
2421 2290 2613 2351 quam
2662 2288 2739 2330 ex
2778 2284 2811 2329 4

438 2372 922 2456 triumphorum
968 2376 1397 2439 instrumento
1446 2375 1527 2439 ad
1563 2380 1966 2458 praesentem
2005 2397 2194 2438 usum
2231 2375 2590 2456 induerant,
2638 2374 2739 2437 de·

439 2482 712 2543 tractam
763 2479 886 2544 sibi
935 2485 1129 2565 atque
1168 2481 1497 2545 discissam
1538 2482 1813 2545 iniecere
1850 2482 2147 2545 flammae
2187 2484 2251 2545 et
2286 2485 2738 2545 ueteranorum

349 2614 408 2652 20
438 2585 719 2649 militum
757 2588 1098 2673 legionarii
1136 2609 1313 2651 arma
1351 2610 1483 2669 sua,
1524 2587 1759 2670 quibus
1799 2587 2038 2651 exculti
2077 2586 2271 2650 funus
2302 2586 2739 2669 celebrabant3

436 2696 769 2756 matronae
830 2694 1023 2757 etiam
1083 2694 1426 2777 pleraeque
1483 2697 1859 2757 ornamenta
1905 2716 2047 2776 sua,
2096 2715 2258 2776 quae
2304 2693 2631 2779 gerebant,
2679 2697 2742 2756 et

436 2799 792 2863 liberorum
839 2799 1048 2863 bullas
1095 2805 1286 2883 atque
1333 2803 1713 2883 praetextas

615 2904 693 2969 In
750 2928 1000 2970 summo
1056 2906 1320 2990 publico
1376 2906 1558 2970 luctu
1624 2911 1987 2969 exterarum
2043 2906 2335 2992 gentium
2391 2904 2740 2969 multitudo
2780 2922 2810 2968 5

440 3012 797 3077 circulatim
873 3036 989 3078 suo
1066 3035 1356 3097 quaeque
1429 3035 1610 3077 more
1683 3013 2034 3076 lamentata
2103 3017 2200 3076 est
2272 3013 2741 3096 praecipueque

351 3116 691 3202 251udaei,
751 3121 860 3202 qui
920 3121 1114 3183 etiam
1169 3121 1466 3184 noctibus
1532 3120 1855 3184 continuis
1914 3119 2177 3182 bustum
2232 3120 2740 3202 frequentarunt.

438 3225 623 3308 plebs
672 3227 889 3290 statim
936 3249 973 3288 a
1018 3226 1242 3290 funere
1291 3227 1371 3290 ad
1418 3226 1680 3289 domum
1727 3225 1914 3288 Bruti
1971 3231 2036 3290 et
2084 3224 2347 3310 Cassi[i]
2396 3247 2540 3289 cum
2586 3225 2843 3290 faoi-85

441 3331 562 3394 bus
609 3333 883 3396 tetendit
938 3337 1135 3415 atque
1192 3355 1378 3417 aegre
1433 3333 1690 3415 repulsa
1746 3331 2013 3395 obuium
2067 3332 2192 3396 sibi
2238 3332 2548 3395 Heluium
2599 3328 2741 3393 Cin-

440 3460 587 3502 nam
650 3461 765 3523 per
828 3461 1109 3503 errorem
1164 3438 1473 3521 nominiS,
1541 3439 1728 3521 quasi
1783 3437 2117 3502 Cornelius
2174 3439 2229 3501 is
2289 3443 2482 3521 esset,
2549 3459 2740 3520 quem

440 3545 727 3630 grauiter
787 3544 995 3629 pridie
1060 3545 1504 3610 contionatum
1569 3546 1645 3608 de
1714 3543 1982 3609 Caesare
2047 3546 2442 3629 requirebat,
2508 3544 2743 3608 occidit

356 3681 416 3719 so
448 3655 771 3734 caputque
829 3652 965 3715 eius
1010 3652 1367 3735 praefixum
1422 3652 1647 3715 hastae
1697 3652 2107 3715 circumtulit.
2200 3656 2423 3735 postea
2470 3651 2741 3715 solidam

583 3859 613 3906 8
652 3855 720 3919 cf.
774 3855 884 3907 Vir.
926 3855 1004 3907 ill.
1046 3858 1136 3920 85,
1167 3859 1196 3906 1

586 4056 611 4102 1
651 4050 741 4120 ut]
771 4052 857 4103 est
883 4052 949 4102 ut
977 4050 1101 4108 12⁸2.-
1132 4050 1323 4119 (παῖς.)
1461 4055 1495 4101 4
1531 4049 1975 4116 pacuuianorum
2005 4051 2292 4116 (pacuma-
2315 4049 2392 4101 L¹
2431 4055 2492 4102 ut
2521 4049 2658 4112 uid.)
2691 4052 2748 4099 X

442 4133 474 4181 6
514 4144 579 4181 ex
618 4146 717 4183 om.
764 4129 814 4182 G
960 4129 1092 4182 acili
1131 4129 1219 4198 (·ii
1262 4130 1402 4198 GT)
1434 4132 1502 4194 Ω,
1543 4128 1718 4181 attilii
1757 4147 1789 4188 ς
1830 4129 2012 4198 (Atilii
2054 4130 2162 4183 Cic.
2192 4130 2288 4194 fin.
2318 4130 2360 4180 I
2383 4133 2442 4194 5,
2489 4135 2549 4182 at
2586 4128 2740 4181 acilii

437 4208 553 4262 cod.
574 4211 759 4263 Palat.
785 4212 948 4277 1525)
1078 4215 1106 4261 7
1146 4209 1573 4278 praenuntiauit
1600 4211 1676 4262 M
1797 4215 1861 4261 16
1901 4209 1975 4261 ad
2005 4225 2233 4261 manum
2255 4209 2582 4272 Beroaldus,
2619 4208 2739 4260 ido-

439 4305 607 4342 neum
638 4290 919 4355 Heinsius,
957 4290 1029 4342 ad
1066 4307 1269 4342 munus
1302 4290 1499 4354 Fc'ihse,
1537 4289 1772 4341 odorum
1807 4289 1961 4356 aad„
2003 4289 2077 4341 ad
2108 4287 2446 4341 adolendum
2477 4288 2743 4341 Bz‘icheler

444 4374 509 4421 18
540 4369 838 4422 induerent
858 4369 932 4421 M
1038 4375 1103 4422 26
1135 4386 1260 4422 cum
1289 4370 1326 4421 f.
1355 4369 1600 4422 tetendit
1628 4386 1730 4422 om.
1757 4369 1807 4422 G
1918 4375 1983 4421 27
2014 4367 2178 4437 pulsa
2209 4367 2263 4420 V
2365 4368 2556 4419 ouium
2576 4370 2648 4421 M
2655 4368 2671 4397 ¹

440 4448 691 4501 heuilum
714 4449 787 4500 Μ
797 4448 909 4517 VQ,
945 4449 1197 4501 heiulum
1231 4449 1356 4514 GH,
1395 4448 1574 4501 heuil-
1603 4451 1691 4502 uel
1728 4447 1910 4501 heiul-
1941 4450 2045 4518 leyi
2063 4455 2239 4516 potest
2272 4450 2334 4501 in
2362 4448 2491 4512 LR,
2530 4447 2740 4500 eiulum

443 4528 628 4595 POS,
667 4528 892 4581 elicium
929 4531 995 4596 T,
1036 4547 1170 4583 corr.
1203 4529 1487 4599 Eqnatius
1628 4534 1693 4581 ‘29
1734 4526 2058 4594 inquirebat
2086 4532 2143 4579 X
2176 4528 2256 4596 (in
2293 4544 2428 4581 corr.
2469 4545 2535 4581 ecc
2571 4543 2630 4579 re
2669 4529 2739 4594 L)
