3325 5209
565 405 690 468 198
840 404 895 458 C.
937 404 1250 458 SVETONI
1287 404 1732 468 TRANQVILLI
1768 406 1824 459 C.
1866 405 2226 460 CALIGVLA
2266 418 2395 465 [cAP.
2419 418 2593 466 59—60]

562 568 627 633 id
672 569 873 651 fieret,
920 567 1257 631 hortorum
1307 569 1599 633 custodes
1638 569 1885 633 umbris
1927 569 2343 652 inquietat083
2392 569 2456 631 in
2498 590 2570 632 ea
2608 590 2864 651 quoque

563 676 780 759 domo,
838 675 905 737 in
953 697 1080 757 qua
1126 675 1521 758 occubuerit,
1577 676 1819 739 nullam
1868 681 2123 742 noctem
2173 675 2308 739 sine
2355 675 2572 758 aliquo
2620 678 2864 739 terrore

559 785 976 861 transactam,
1035 780 1234 845 donec
1280 782 1420 865 ipsa
1468 783 1695 847 domus
1742 783 2035 847 incendio
2084 787 2465 866 consumpta
2511 782 2611 845 sit.
2695 781 2865 866 perit

558 909 687 951 una
752 891 815 951 et
872 910 1036 951 uxor
1094 886 1402 952 Caesonia
1456 889 1673 974 gladio
1731 912 1769 954 a
1824 889 2195 953 centurione
2253 889 2545 952 confossa
2611 891 2675 951 et
2729 888 2863 950 filia

559 995 792 1079 parieti
840 995 1044 1058 inlisa.
2517 1023 2521 1026 ’
2919 1021 2943 1059 5

453 1102 548 1168 60
741 1100 1199 1166 Condicionem
1245 1108 1609 1187 temporum
1652 1104 1913 1167 illorum
1952 1104 2144 1167 etiam
2183 1125 2297 1187 per
2332 1103 2489 1166 haec
2527 1103 2863 1165 aestimare

561 1209 775 1291 quiuis
820 1210 1042 1292 possit.
1127 1233 1274 1274 nam
1322 1233 1527 1294 neque
1576 1212 1764 1274 caede
1810 1211 2077 1294 uulgata
2122 1211 2342 1273 statim
2390 1209 2702 1273 creditum
2750 1212 2864 1290 est,

559 1315 811 1398 fuitque
878 1318 1159 1399 suspicio
1225 1317 1306 1381 ab
1371 1319 1514 1402 ipso
1581 1317 1739 1382 Gaio
1802 1318 2040 1381 famam
2108 1318 2317 1381 caedis
2378 1316 2741 1380 simulatam
2802 1319 2864 1377 et

560 1422 880 1505 emissam,
927 1428 999 1487 ut
1037 1444 1112 1487 eo
1152 1427 1341 1507 pacto
1379 1423 1716 1488 hominum
1755 1446 1908 1511 erga
1950 1447 2015 1487 se
2055 1429 2300 1488 mentes
2341 1421 2862 1507 deprehenderet3

558 1549 767 1611 neque
815 1530 1131 1594 coniurati
1180 1533 1478 1614 cuiquam
1537 1531 1881 1614 imperium
1940 1531 2447 1615 destinauerunt3
2496 1533 2559 1592 et
2607 1532 2863 1592 senatus
2894 1553 2945 1592 ιο

561 1635 631 1698 in
677 1636 1012 1700 asserenda
1058 1638 1354 1702 libertate
1402 1640 1558 1702 adeo
1607 1639 1958 1716 consensit,
2014 1642 2087 1701 ut
2136 1638 2427 1701 consules
2474 1636 2685 1720 primo
2733 1656 2860 1697 non

561 1741 629 1804 in
667 1743 928 1827 curiam,
969 1745 1122 1828 quia
1149 1743 1314 1810 Iulia
1342 1747 1713 1829 uocabatur,
1751 1747 1861 1809 sed
1899 1747 1965 1809 in
1996 1743 2387 1828 Capitolium
2419 1745 2863 1822 conuocarent,

562 1849 824 1930 quidam
871 1874 1023 1915 uero
1071 1852 1423 1916 sententiae
1469 1853 1611 1916 loco
1671 1852 2048 1916 abolendam
2099 1850 2438 1915 Caesarum
2487 1847 2862 1912 memoriam

561 1975 634 2017 ac
673 1955 981 2021 diruenda
1018 1961 1260 2044 templa
1296 1960 1675 2024 censuerint.
1744 1958 2153 2023 obseruatum
2193 1963 2402 2021 autem
2443 1960 2863 2036 notatumque

565 2064 660 2124 est
714 2061 781 2126 in
838 2065 1064 2148 primis
1113 2065 1412 2130 Caesares
1461 2087 1711 2149 omneS‚
1768 2066 2001 2148 quibus
2050 2063 2167 2128 Grai
2215 2085 2604 2149 praenomen
2651 2062 2863 2150 fuerit,
2898 2087 2944 2125 15

563 2169 735 2233 ferro
763 2174 1022 2257 perisse,
1051 2175 1177 2237 iam
1209 2175 1354 2238 inde
1383 2173 1463 2237 ab
1485 2196 1579 2257 eO‚
1600 2172 1712 2255 qui
1735 2171 2038 2236 Cinnanis
2067 2170 2467 2255 temporibus
2489 2171 2575 2233 sit
2597 2169 2861 2234 occisus,

707 2388 731 2434 1
774 2381 933 2434 fieret
961 2380 1019 2433 et
1042 2377 1093 2430 G
1195 2384 1224 2429 2
1256 2392 1438 2430 errore
1456 2375 1679 2445 MH¹Q‚
1708 2375 1935 2427 horrore
1959 2374 2047 2427 G&
2156 2380 2187 2426 3
2218 2373 2389 2441 periit
2411 2371 2536 2426 GY‘
2630 2378 2657 2425 7
2690 2371 2862 2424 caede

561 2482 662 2519 om.
697 2463 748 2516 G
858 2467 889 2513 8
929 2459 1118 2513 caedis
1156 2458 1363 2510 famam
1400 2456 1451 2509 G
1572 2461 1636 2508 12
1678 2455 2042 2508 conuocarint
2075 2454 2210 2507 Oud.
2334 2459 2399 2506 14
2438 2453 2761 2521 diripienda
2795 2453 2862 2517 G,

563 2543 831 2596 diluenda
867 2542 912 2610 Q
1057 2540 1393 2593 censuerunt
1431 2536 1671 2606 (consul-
1696 2538 1764 2596 T)
1787 2540 1852 2600 X,
1892 2536 2182 2588 censerent
2220 2536 2447 2589 Ernesti

703 2623 904 2676 subscr.
955 2638 1000 2674 c.
1031 2619 1249 2673 suetoni
1280 2617 1575 2686 tranquilli
1606 2617 1677 2671 de
1716 2617 1836 2670 uita
1876 2631 2180 2668 caesarum.
2222 2631 2265 2666 c.
2299 2613 2547 2682 caligula
2575 2612 2719 2666 liber
2746 2612 2861 2665 ΠΗ.

562 2703 811 2773 explicit.
851 2700 1057 2770 incipit
1103 2700 1269 2753 diuus
1318 2699 1574 2752 claudius
1611 2697 1757 2749 liber
1805 2697 2034 2765 quintus
2071 2694 2317 2748 feliciter
2356 2697 2430 2748 M
2462 2700 2511 2747 et
2546 2695 2663 2747 sim.
2699 2692 2866 2748 GHR

563 2784 730 2854 (felic.
762 2801 862 2838 om.
887 2783 960 2851 R)
1108 2780 1342 2855 explicit
1379 2779 1558 2849 gaius.
1590 2778 1796 2846 incipit
1825 2777 1991 2829 diuus
2022 2774 2277 2828 claudius
2307 2775 2451 2827 liber
2480 2774 2711 2841 quintus
2740 2772 2864 2826 feli-

563 2866 704 2917 citer
736 2865 782 2934 ρ
962 2862 1197 2931 explicit
1233 2860 1379 2915 liber
1416 2862 1668 2929 quartus.
1710 2857 1914 2925 incipit
1961 2856 2029 2909 de
2079 2855 2303 2908 claudio
2353 2855 2497 2908 liber
2543 2854 2773 2921 quintus
2813 2853 2864 2905 L

562 2952 612 2999 et
650 2948 768 3013 (om.
801 2944 871 2997 de
910 2943 1154 3007 claudio)
1187 2943 1227 2996 S
1368 2942 1528 2994 ‘nulla
1565 2939 1892 3006 subscriptio
1931 2939 1992 2989 in
2031 2939 2086 2989 P
