3325 5209
622 406 754 469 210
1322 405 1377 459 C.
1420 401 1733 459 SVETONI
1770 405 2215 470 TRANQVILLI

622 569 751 651 qui
805 592 986 633 uera
1039 569 1653 651 proposuissent.
1747 572 2015 651 propter
2069 590 2230 650 quae
2286 589 2487 651 usque
2539 591 2613 631 eo
2672 569 2919 653 euiluit,

620 680 695 739 ut
748 676 987 759 passim
1043 696 1117 739 ac
1171 675 1508 758 propalam
1571 674 1970 757 contemptui
2028 679 2206 738 esset.
2299 695 2604 739 excusans
2654 677 2915 759 quidam

622 785 852 847 testem
899 804 933 846 e
970 783 1303 865 prouincia
1349 782 1428 845 ab
1477 803 1551 845 eo
1599 786 1902 845 uocatum
1948 783 2212 866 negauit
2251 787 2506 864 praesto
2546 805 2682 846 esse
2728 805 2916 866 posse

621 889 1024 953 dissimulata
1071 889 1179 953 diu
1221 910 1440 974 causa:
1488 911 1561 953 ac
1607 893 1756 971 post
1793 889 2019 974 longas
2057 889 2310 952 demum
2352 889 2914 975 interrogationes:

620 1000 966 1060 mortuus
1006 1002 1147 1079 est,
1187 995 1419 1079 inquit,
1457 1000 1676 1080 puto,
1713 995 1957 1059 licuit.
2032 995 2197 1059 alius
2234 995 2473 1080 gratias
2512 1018 2707 1081 agens
2745 997 2916 1078 quod
2973 1023 2998 1061 5

618 1125 799 1166 reum
838 1102 1091 1168 defendi
1129 1107 1472 1185 pateretur,
1519 1102 1775 1166 adiecit:
1826 1106 1898 1165 et
1945 1106 2198 1165 tamen
2242 1102 2422 1166 fieri
2472 1105 2687 1166 solet.
2753 1102 2915 1166 illud

621 1231 877 1293 quoque
925 1232 963 1273 a
1007 1209 1360 1273 maioribus
1408 1213 1565 1272 natu
1615 1207 1971 1293 audiebam,
2018 1209 2173 1273 adeo
2213 1209 2567 1273 causidicos
2602 1210 2916 1292 patientia

620 1317 756 1380 eius
803 1316 1031 1380 solitos
1076 1317 1275 1399 abuti,
1322 1320 1396 1379 ut
1443 1315 1873 1380 discedentem
1913 1338 1946 1379 e
1985 1315 2294 1379 tribunali
2338 1337 2469 1379 non
2509 1315 2718 1379 solum
2756 1338 2914 1380 uoce

618 1426 1020 1506 reuocarent,
1076 1422 1186 1487 sed
1241 1426 1305 1487 et
1357 1422 1590 1486 lacinia
1644 1427 1835 1507 togae
1882 1426 2155 1506 retenta,
2216 1422 2537 1486 interdum
2592 1423 2752 1505 pede
2808 1445 2913 1506 ap-

548 1548 581 1593 4
620 1529 936 1613 prehenso
976 1529 1350 1594 detinerent.
1422 1551 1496 1593 ac
1532 1551 1613 1592 ne
1653 1531 1757 1593 cui
1792 1529 1951 1593 haec
1991 1531 2152 1592 mira
2187 1531 2334 1613 sint,
2370 1528 2688 1615 litigatori
2720 1527 2914 1593 Grae·
2943 1557 3000 1594 10

621 1635 766 1700 culo
804 1658 935 1701 uox
979 1636 1045 1699 in
1093 1635 1507 1700 altercatione
1556 1635 1821 1700 excidit:
1872 1634 1978 1700 καὶ
2028 1639 2112 1699 σὺ
2158 1635 2374 1720 γέρων
2422 1632 2477 1700 εἰ
2521 1634 2631 1700 καὶ
2677 1638 2910 1720 μωρός.

621 1744 902 1827 equitem
968 1742 1225 1826 quidem
1298 1743 1658 1806 Romanum
1726 1743 2178 1807 obscaenitatis
2250 1743 2319 1806 in
2375 1742 2647 1806 feminas
2714 1763 2913 1825 reum,

621 1849 729 1913 sed
774 1849 939 1913 falso
987 1853 1053 1914 et
1097 1850 1178 1913 ab
1226 1849 1695 1933 impotentibus
1753 1849 2031 1913 inimicis
2090 1849 2361 1913 conficto
2411 1849 2702 1933 crimine,
2758 1849 2914 1912 satis

623 1961 890 2040 constat,
936 1977 1082 2020 cum
1130 1961 1340 2020 scorta
1387 1957 1716 2021 meritoria
1765 1957 1949 2022 citari
1995 1955 2297 2020 aduersus
2343 1978 2410 2019 se
2450 1959 2513 2020 et
2550 1956 2757 2019 audiri
2794 1976 2911 2038 pro

619 2063 988 2127 testimonio
1029 2062 1289 2146 uideret,
1327 2062 1671 2149 graphium
1711 2067 1775 2125 et
1812 2061 2086 2146 libellos,
2124 2085 2285 2146 quos
2312 2063 2574 2127 tenebat
2604 2063 2672 2125 in
2700 2084 2912 2145 manu,
2942 2085 2995 2127 ιε

618 2171 710 2233 ita
759 2192 902 2234 cum
950 2192 1183 2254 magna
1229 2168 1543 2233 stultitiae
1591 2173 1655 2233 et
1703 2170 2008 2233 saeuitiae
2050 2168 2544 2251 exprobratione
2583 2169 2808 2233 iecisse
2846 2170 2911 2233 in

618 2279 847 2341 faciem
893 2278 1047 2360 eiuS,
1092 2280 1167 2340 ut
1213 2298 1441 2362 genam
1485 2298 1620 2340 non
1664 2276 1900 2339 leuiter
1943 2275 2406 2361 perstrinxerit.

513 2381 603 2447 16
799 2382 1012 2448 Gessit
1040 2387 1103 2446 et
1133 2404 1466 2446 censuram
1495 2383 1931 2449 intermissam
1962 2384 2071 2446 diu
2098 2386 2247 2465 post
2273 2380 2585 2446 Plancum
2614 2381 2913 2446 Paulum-

621 2514 743 2573 que
809 2511 1126 2574 censores3
1194 2489 1307 2553 sed
1369 2490 1535 2554 hanc
1600 2512 1854 2573 quoque
1916 2489 2404 2572 inaequabiliter
2470 2490 2782 2572 uarioque
2850 2494 2914 2553 et

621 2599 832 2661 animo
890 2601 954 2660 et
1010 2601 1259 2660 euentu,
1334 2597 1775 2681 recognitione
1823 2599 2111 2681 equitum
2170 2596 2465 2660 iuuenem
2511 2596 2737 2681 probri
2781 2596 2913 2681 ple·
2942 2619 2996 2659 so

618 2726 793 2787 num,
832 2704 939 2779 sed
979 2725 1168 2786 quem
1197 2707 1381 2787 pater
1410 2705 1937 2787 probatissimum
1982 2703 2107 2767 sibi
2144 2702 2528 2786 affirmabat,
2566 2704 2702 2767 sine
2731 2704 2913 2789 igno-

620 2810 819 2873 minia
873 2809 1141 2894 dimisit,
1195 2811 1478 2874 habere
1530 2811 1745 2876 dicens
1802 2833 2189 2876 censorem
2235 2833 2477 2895 suum,
2533 2811 2730 2874 alium
2778 2832 2912 2876 cor-

619 2917 890 3000 ruptelis
947 2916 1404 3001 adulteriisque
1460 2917 1779 2982 famosum
1836 2917 2004 2982 nihil
2058 2918 2333 3001 amplius
2391 2940 2581 3001 quam
2638 2918 2911 3000 monuit,

618 3030 693 3088 ut
730 3029 858 3089 aut
895 3025 1203 3108 parcius
1247 3026 1635 3089 aetatulae
1677 3026 2117 3112 indulgeret
2156 3030 2283 3089 aut
2329 3029 2533 3090 certe
2580 3025 2909 3107 cautius3

620 3130 1012 3215 addiditque:
1061 3154 1290 3215 quare
1329 3134 1524 3196 enim
1567 3154 1704 3217 ego
1747 3134 1930 3215 scio,
1971 3154 2188 3216 quam
2228 3133 2545 3195 amicam
2584 3130 2911 3194 habeas?
2940 3149 2993 3191 ²⁵

621 3243 684 3302 et
732 3260 878 3302 cum
934 3238 1267 3302 orantibus
1322 3238 1753 3302 familiaribus
1811 3239 2190 3321 dempsisset
2245 3238 2498 3302 cuidam
2545 3237 2909 3321 appositam

551 3359 580 3405 2
619 3350 867 3409 notam:
900 3344 1144 3408 litura
1172 3351 1449 3428 tamen,
1487 3345 1720 3429 inquit,
1751 3349 1977 3410 extet.
2044 3345 2446 3429 splendidum
2476 3345 2690 3408 uirum
2723 3343 2910 3409 Grae—

621 3453 880 3536 ciaeque
934 3452 1305 3535 prouinciae
1361 3452 1747 3535 principem,
1812 3474 2037 3515 uerum
2093 3452 2306 3515 Latini
2367 3451 2680 3516 sermonis
2733 3452 2910 3536 igna-

620 3582 789 3643 rum,
844 3581 977 3621 non
1030 3558 1217 3621 modo
1276 3558 1425 3621 albo
1483 3559 1764 3621 iudicum
1823 3561 2043 3642 erasit,
2099 3558 2208 3621 sed
2263 3558 2331 3620 in
2383 3559 2909 3643 peregrinitatem

766 3739 844 3786 18.
870 3738 935 3785 20
978 3733 1160 3787 Victor
1192 3734 1336 3788 Caes.
1360 3738 1466 3800 4,4
1504 3749 1686 3800 neque
1726 3750 1882 3787 secus
1920 3750 2089 3787 censu
2127 3736 2351 3800 nouato,
2391 3749 2517 3785 cum
2554 3735 2754 3785 senatu
2791 3749 2911 3785 mo-

619 3814 693 3866 tis
721 3813 977 3882 pluribus
1006 3813 1282 3866 lasciuum
1316 3812 1751 3878 adulescentem,
1792 3830 1959 3880 quem
1987 3814 2095 3867 sibi
2123 3813 2423 3882 probatum
2450 3828 2653 3880 parens
2692 3827 2909 3865 asseru-

620 3898 757 3959 erat,
787 3892 1127 3960 retinuisset,
1158 3909 1441 3947 censorem
1475 3897 1532 3946 et
1568 3893 1765 3946 liberis
1793 3898 2011 3962 patrem
2042 3894 2244 3947 debere
2273 3909 2392 3946 esse
2420 3895 2573 3946 recte
2605 3892 2907 3945 adiecerat.

763 4062 793 4108 ὃ
814 4053 1030 4123 puteoli
1051 4054 1140 4106 cui
1160 4052 1331 4106 talius
1344 4057 1401 4105 X
1404 4054 1494 4122 (-i⁸
1508 4053 1620 4106 cui-
1634 4054 1687 4105 L
1706 4072 1773 4107 m.
1785 4059 1823 4107 2
1838 4055 1899 4107 in
1918 4057 2047 4124 ras.)
2122 4059 2153 4106 8
2174 4054 2605 4107 descendentem
2621 4054 2838 4121 weda.)

620 4140 674 4205 e}
707 4139 763 4189 et
794 4138 868 4190 M
984 4140 1046 4187 11
1083 4152 1280 4205 yraeca
1310 4134 1402 4201 <0¹
1425 4151 1530 4202 pro
1561 4135 1617 4187 ΕΙ
1651 4135 1842 4200 MLS,
1883 4136 2135 4188 ΜΟΡωΟ
2170 4136 2239 4203 Τ)
2269 4151 2370 4188 om.
2400 4135 2456 4188 P
2481 4135 2684 4202 (relicto
2711 4134 2910 4202 spatio)

619 4223 667 4270 et
686 4218 744 4280 T,
766 4216 860 4268 καὶ
881 4212 1170 4283 μωρόςοηι.
1192 4214 1258 4279 G,
1270 4231 1336 4267 ss.
1360 4215 1484 4265 estu
1504 4229 1673 4266 senex
1693 4217 1750 4266 et
1769 4214 1973 4267 stultus
1987 4214 2085 4269 LS
2160 4219 2225 4266 13
2246 4213 2571 4283 potentibus
2584 4212 2781 4282 L²(uel
2792 4212 2909 4280 ΙΝ),

617 4296 1040 4363 impudentibus
1060 4296 1292 4364 Bentley
1416 4299 1478 4347 16
1500 4297 1557 4347 et
1577 4294 1891 4363 s(a)euitiae
1913 4298 2020 4361 XT,
2042 4294 2313 4347 saeuitiae
2334 4294 2419 4360 M,
2441 4293 2909 4362 s(a>euiti(a)eque

623 4377 711 4430 G&
729 4377 906 4429 nescio
925 4392 1001 4428 απ
1021 4376 1207 4428 uerius
1327 4373 1525 4427 fecisse
1541 4375 1807 4439 ML¹P‹5,
1825 4374 2019 4427 scrisse
2031 4373 2110 4427 L²
2221 4379 2282 4427 19
2304 4373 2678 4441 inaequaliter
2689 4373 2910 4437 T,inae-

620 4455 836 4524 quabili
855 4456 1087 4524 Bentley
1195 4459 1261 4506 20
1292 4454 1554 4521 Equitem
1587 4455 1636 4507 G
1661 4455 1819 4523 (male
1839 4462 2001 4508 antea
2026 4456 2368 4523 de'stinyaens
2386 4456 2688 4506 euenturae
2719 4453 2910 4521 cogni-

619 4537 789 4602 tione,
817 4538 893 4589 sic
922 4535 1084 4588 etiam
1109 4535 1196 4601 M)
1289 4540 1354 4585 22
1387 4533 1760 4587 confessorem
1789 4542 1837 4588 et
1868 4533 2268 4603 corruptibiliis
2294 4534 2343 4587 G
2444 4540 2511 4586 25
2542 4549 2645 4600 ego
2665 4550 2733 4586 ss.
2754 4535 2816 4585 in
2840 4534 2915 4585 M
