3325 5209
1404 422 1814 479 PRAEFATIO
2633 425 2765 479 XIII

469 580 736 671 exempla
763 595 939 672 plura
966 595 1062 652 hic
1091 613 1309 670 ponam
1337 613 1455 653 non
1482 589 1717 652 necesse
1755 593 2010 652 uidetur.
2084 593 2180 651 uel
2210 613 2413 668 unum,
2442 593 2598 670 quod
2628 614 2762 671 gra-
2845 591 2858 640 ’-

464 686 698 745 nissimi
742 684 1026 743 momenti
1075 702 1199 743 esse
1247 685 1482 741 monuit
1518 683 1747 741 Becker
1785 675 1868 763 (p.
1904 684 2049 755 145,
2053 685 2092 740 4
2131 675 2458 761 aucarum),
2504 683 2769 743 sufficiat

468 775 541 831 ad
588 773 982 850 probandum
1002 772 1222 831 librum
1271 792 1339 832 ex
1386 771 1707 847 exemplari
1756 772 2088 830 deriuatum
2138 773 2194 831 ei
2239 772 2560 856 simillimo,
2606 772 2764 831 unde

465 863 636 921 fiuxit
665 864 752 921 M.
816 864 882 919 at
901 862 1076 939 longe
1095 860 1308 937 plura
1292 881 1356 919 111
1374 861 1516 921 illo
1498 880 1622 920 ram
1642 860 1958 919 obscurata
1977 864 2164 933 erant,
2185 862 2353 919 uel'ut
2370 865 2514 920 nota
2533 863 2766 920 numeri

465 972 519 1027 p.
564 953 664 1026 13,
669 954 724 1010 2.
805 970 938 1009 cum
994 955 1192 1010 autem
1240 953 1468 1010 scateat
1512 952 1684 1009 uitiis
1730 951 1918 1008 uariis
1973 951 2165 1024 iisque
2212 951 2696 1011 insolentioribus
2712 943 2765 1031 1)

466 1060 573 1100 nec
637 1060 758 1099 non
831 1039 1163 1101 manifestis
1237 1039 1604 1117 corrigendi
1641 1038 2136 1115 temptationibus
2134 1030 2229 1141 ᾗ),
2296 1035 2471 1098 ualde
2536 1040 2766 1114 dubito,
2825 1065 2833 1086 ·

466 1150 609 1188 num
656 1147 808 1205 quae
863 1131 927 1187 in
975 1148 1042 1187 eo
1100 1130 1226 1188 solo
1274 1128 1681 1187 emendatiora
1729 1132 1960 1201 extant,
2007 1127 2084 1186 ad
2128 1130 2326 1204 ipsum
2373 1130 2763 1205 archetypum

466 1220 678 1280 referri
740 1220 945 1291 liceat,
1011 1218 1166 1292 quod
1224 1217 1449 1277 dictum
1501 1217 1639 1277 uolo
1699 1219 1880 1276 etiam
1928 1173 1999 1276 de
2044 1215 2121 1276 iis
2168 1218 2333 1291 locis,
2380 1218 2595 1293 quibus
2641 1218 2764 1276 suf·

467 1308 661 1386 fragia
725 1307 909 1367 habet
969 1307 1146 1367 unius
1210 1308 1309 1364 uel
1373 1306 1619 1366 alterius
1686 1326 1717 1364 e
1775 1306 2221 1366 recentioribus
2315 1307 2550 1366 accedit·
2605 1307 2765 1383 quod

463 1417 581 1456 non
627 1414 822 1473 pauca
867 1415 937 1455 ex
981 1398 1075 1471 iis,
1122 1415 1273 1472 quae
1323 1396 1575 1455 feliciter
1621 1395 1935 1457 emendata
1980 1401 2120 1454 sunt
2131 1388 2210 1477 ³),
2265 1397 2513 1455 inuentu
2561 1397 2765 1455 facilia

467 1495 638 1545 erant
704 1488 836 1545 uiro
902 1485 1125 1544 latinae
1188 1486 1435 1561 linguae
1499 1484 1646 1544 satis
1709 1487 1903 1560 perito
1968 1504 2160 1560 neque
2222 1503 2468 1564 graecae
2523 1503 2763 1562 prorsus

465 1576 706 1652 ignaro;
779 1574 1010 1634 accedit
1064 1574 1245 1633 etiam
1296 1573 1452 1649 quod
1502 1574 1774 1632 consulto
1820 1574 2306 1649 aequabilitatem
2355 1575 2654 1649 quandam
2699 1577 2764 1633 ιιι

469 1664 946 1742 orthographicis
1012 1663 1318 1722 affectasse
1389 1663 1630 1721 uidetur
1692 1681 1899 1723 censor
1960 1657 2280 1743 ignotusf)
2462 1666 2646 1723 etiam
2709 1663 2764 1723 G

466 1754 893 1814 emendatrices
939 1771 1149 1829 passus
1197 1755 1286 1811 est
1328 1771 1555 1825 manuS,
1603 1752 1850 1811 alteram
1898 1752 2085 1826 ipsius
2131 1753 2363 1811 librarii
2400 1744 2563 1833 (G2),
2611 1753 2753 1811 alte-
2788 1743 2875 1812 θ’

465 1861 595 1901 ram
652 1844 877 1901 saeculi
920 1842 1029 1899 XV
1083 1843 1349 1901 exeuntis
1396 1833 1570 1922 (G3),
1636 1860 1787 1917 quae
1847 1841 2024 1901 facile
2084 1842 2532 1919 distinguuntur
2590 1842 2755 1901 adiu-
2789 1842 2836 1901 G
2847 1833 2876 1874 ³

463 1936 644 1990 uante
703 1932 960 1989 maxime
1017 1932 1214 1991 codice
1261 1925 1601 1990 Mona-censi
1657 1924 1833 2011 (olim
1880 1923 2367 2009 Ebersbergcnsi)
2427 1933 2595 1989 5977
2647 1924 2758 2011 (9,),
2783 1951 2823 2006 y

470 2023 578 2095 qui
623 2039 674 2079 a.
710 2020 879 2079 1456
929 2040 997 2079 ex
1042 2022 1097 2080 G
1141 2022 1538 2097 transcriptus
1587 2011 1751 2099 est.⁶)
1827 2018 2163 2078 Gudianum
2210 2021 2437 2078 contuli
2483 2040 2534 2080 a.
2571 2023 2760 2092 1895,

465 2111 789 2186 recognoui
836 2128 872 2167 a
923 2112 1119 2183 19003
1165 2109 1581 2169 Monacensem
1628 2109 1965 2167 examinaui
2014 2128 2064 2166 a.
2099 2110 2285 2167 1902.

639 2199 852 2257 Melius
920 2199 1123 2258 multis
1189 2198 1259 2256 de
1313 2199 1460 2258 locis
1523 2198 1713 2272 deque
1768 2199 1955 2274 ipsius
2012 2197 2321 2273 archetypi
2366 2196 2564 2256 indole
2609 2197 2759 2257 iudi-

645 2407 695 2472 1)
735 2402 815 2458 Cf.
855 2423 911 2473 p.
952 2409 1018 2457 23
1025 2411 1108 2471 ,22
1165 2409 1318 2471 124,7
1375 2410 1476 2456 143
1482 2410 1565 2470 ⁰2
1622 2408 1723 2456 146
1730 2408 1813 2470 ,28
1868 2408 2021 2469 148,7
2079 2407 2197 2469 165,
2202 2408 2263 2455 21
2322 2408 2441 2469 185,
2445 2407 2512 2455 28
2567 2408 2687 2469 194,
2691 2408 2758 2454 30

463 2481 656 2542 264,19
696 2481 797 2529 267
805 2481 888 2543 ,15
928 2481 1120 2542 281,18
1169 2480 1270 2528 343
1277 2480 1324 2543 ,6
1374 2474 1595 2542 aliaque
1635 2446 1840 2541 multa,
1892 2491 2035 2542 quae
2081 2446 2289 2542 par'tim
2337 2473 2504 2527 attuli
2551 2474 2762 2543 partim

463 2518 817 2673 npgllegcnda
851 2549 937 2672 (utt
972 2566 1027 2616 p.
1061 2551 1255 2613 112,10
1283 2545 2765 2680 αὲειῖιιηαιιῘ81431ἶιξΡὲιζνιαε)ΡΙιὲξεὲιέι.36ιιιιιο2ιξέοὲιοε

465 2635 1021 2758 guagcffiaernguffi
1046 2635 1267 2744 Οᾶἓῗιῗιειὺ
1303 2635 1761 2773 agcegiziini’regdl'
1768 2636 2016 2755 Ιιοιξιιιιεῐι11
2042 2636 2346 2742 'I‘lroisieme
2386 2623 2555 2743 et1112de
2589 2706 2644 2757 p.
2677 2636 2765 2742 8q3.

644 2764 695 2830 2)
733 2759 835 2815 Iul.
869 2767 933 2814 37
965 2781 1020 2845 p.
1051 2766 1136 2828 20,
1140 2767 1170 2813 2
1201 2762 1396 2816 dextra
1422 2762 1756 2830 sinistraque
1784 2762 2106 2814 coniectura
2134 2757 2427 2813 inuentum
2455 2777 2577 2814 esse
2603 2760 2759 2815 iden·

464 2832 640 2887 tidem
677 2832 885 2896 monui,
927 2833 1085 2886 cuius
1121 2833 1341 2902 generis
1377 2832 1621 2901 plurima
1649 2833 1860 2886 extant.
1936 2831 2051 2885 alia
2085 2849 2138 2884 u.
2169 2850 2222 2900 p.
2255 2838 2341 2895 25,
2345 2836 2375 2884 2
2416 2837 2482 2884 25
2489 2837 2571 2896 ,27
2613 2831 2761 2900 (fort.

462 2906 613 2957 recte
664 2911 713 2958 et
762 2875 923 2973 uma)
975 2908 1043 2956 30
1048 2910 1131 2971 ,22
1187 2907 1244 2957 et
1279 2904 1505 2988 passim.
1637 2903 1830 2957 auiora
1868 2902 2021 2960 talia
2064 2921 2118 2971 p.
2163 2909 2280 2966 146,
2285 2874 2351 2955 28
2403 2904 2568 2958 solere
2617 2920 2767 2973 reyes

464 2976 726 3029 uidentur
763 2978 882 3044 (pro
933 2976 1136 3030 solebat
1184 2977 1300 3045 reyi
1348 2975 1578 3048 uide<re
1624 2978 1763 3044 tur),
1813 2993 1866 3043 p.
1902 2980 2019 3042 148,
2025 2980 2056 3028 6
2095 2973 2307 3043 (inepte
2358 2974 2762 3044 interpolatum

463 3062 531 3100 ex
560 3045 674 3100 Cal.
708 3049 776 3114 2).
837 3046 1208 3115 improbanda
1237 3046 1408 3099 etiam
1439 3063 1582 3116 quae
1601 3046 1848 3100 Beckero
1879 3046 2131 3115 speciosa
2158 3045 2501 3099 uidebantur
2527 3047 2760 3114 partim-

467 3135 574 3186 que
610 3118 668 3170 in
709 3118 1018 3172 nouissima
1047 3118 1293 3172 editione
1329 3122 1559 3187 recepta
1597 3119 1752 3171 sunt:
1792 3136 1845 3187 p
1878 3123 2068 3183 256,17
2108 3118 2221 3172 III
2247 3119 2526 3184 horarum
2566 3123 2759 3183 256,19
2857 3179 2862 3186 ,

465 3190 752 3244 iocabatur
789 3195 909 3258 (pro
947 3192 1109 3256 uoc-‚)
1149 3194 1342 3255 302,10
1378 3191 1472 3244 sed
1509 3192 1809 3258 (mutatum
1850 3206 1951 3259 pro
1989 3196 2064 3256 et,
2112 3188 2260 3257 quod
2301 3191 2496 3251 διττῶς
2533 3190 2765 3243 extabat

464 3260 523 3313 in
561 3263 752 3314 uetere
791 3260 1136 3329 exemplari),
1176 3232 1277 3313 326
1284 3265 1330 3327 ,9
1371 3261 1433 3314 Χ
1458 3263 1675 3330 leyioui.
1751 3260 1888 3328 quin
1925 3277 1994 3314 ne
2035 3261 2120 3314 M.
2153 3260 2383 3315 Crassus
2414 3260 2603 3314 Frui
2640 3261 2759 3328 qui-

465 3332 592 3386 dem
613 3335 686 3400 (p.
710 3336 813 3384 212
820 3334 924 3413 1,5)
944 3330 1113 3385 ualde
1137 3330 1360 3400 placere
1378 3333 1583 3401 potest,
1604 3347 1731 3384 cum
1750 3332 1958 3386 totiens
1989 3350 2041 3385 m
2070 3330 2321 3385 abundet
2345 3334 2420 3400 (u.
2439 3350 2493 3400 p.
2505 3278 2763 3402 XqXXVI)

466 3419 567 3458 nec
603 3402 717 3456 tria
753 3402 981 3456 nomina
1017 3402 1187 3456 solita
1224 3403 1338 3457 sint
1373 3403 1703 3471 nuncupari.

643 3476 696 3542 3)
735 3472 815 3527 Cf.
854 3493 909 3544 p.
956 3479 1021 3527 13
1027 3480 1111 3541 ,22
1162 3479 1279 3542 17,2
1328 3479 1450 3540 32,4
1499 3479 1619 3536 59,9
1670 3478 1790 3540 60,9
1839 3478 1923 3540 69,
1927 3480 1993 3526 23
2047 3477 2122 3542 (m
2174 3473 2467 3527 abundans
2521 3473 2764 3542 abiecta)

465 3549 552 3612 80,
557 3550 622 3598 22
663 3551 730 3599 85
735 3551 820 3612 ,24
859 3547 1023 3614 (quod
1068 3546 1348 3599 mutatum
1395 3546 1453 3598 in
1492 3546 1650 3614 quid,
1697 3549 1761 3598 ut
1799 3545 1970 3598 etiam
2009 3549 2221 3614 331,12)
2271 3550 2426 3612 86,22
2467 3546 2766 3613 (ominibus

464 3633 565 3686 pro
627 3618 895 3685 omnibus)
959 3622 1061 3670 105
1067 3622 1150 3684 ,20
1199 3621 1342 3686 (gen.
1382 3617 1523 3686 plur.
1576 3635 1733 3671 -uum
1779 3633 1878 3685 pro
1925 3620 2060 3684 -um)
2116 3621 2307 3683 148,18
2363 3622 2551 3684 151,27
2607 3622 2760 3684 167,3

469 3693 567 3740 167
575 3693 660 3755 ,20
680 3692 769 3756 (ue
796 3705 895 3756 pro
920 3705 1034 3755 nec,
1063 3687 1132 3742 cf.
1234 3688 1456 3756 XXXV)
1481 3694 1579 3741 185
1586 3694 1634 3755 ,8
1666 3693 1766 3740 237
1774 3694 1857 3755 ,10
1888 3693 1990 3740 274
1996 3693 2079 3755 ,25
2100 3688 2397 3756 (incertum
2426 3706 2560 3741 num
2589 3691 2762 3748 recte)

465 3763 652 3826 281,31
717 3764 837 3825 283,
841 3765 908 3812 25
956 3762 1103 3827 (cum
1155 3707 1445 3830 Eutropio)
1506 3732 1701 3825 289,18
1753 3766 1906 3826 341,1
1970 3766 2091 3827 349,
2096 3765 2178 3813 20.
2185 3765 2252 3812 24
2305 3763 2459 3827 353,1
2515 3760 2762 3828 (deuelle-

465 3837 546 3885 ret
591 3848 692 3899 pro
739 3801 861 3884 diu·
872 3872 889 3897 ,
938 3831 1086 3899 quod
1132 3847 1284 3885 mero
1324 3831 1478 3885 casui
1515 3831 1733 3899 tribu0,
1770 3830 1840 3885 cf.
1869 3850 1922 3901 p.
1954 3830 2108 3898 XLI).
2185 3847 2414 3900 graeca.
2473 3836 2575 3884 202
2582 3839 2665 3899 ,14
2705 3835 2766 3884 et

466 3907 699 4042 2ὃεῌ’4)
747 3972 897 4027 Bene
952 3974 1177 4042 scripsit
1225 3991 1278 4042 p.
1321 3978 1475 4053 10,2,3
1523 3975 1873 4042 calpurniam
1921 3976 2121 4043 (calph-
2158 3974 2307 4044 rel.),
2361 3980 2480 4041 23,7
2535 3975 2759 4044 conchy-

470 4046 654 4098 liatae.
730 4060 798 4097 ex
825 4044 1012 4098 indice
1041 4044 1189 4098 infra
1216 4046 1398 4112 posito
1438 4044 1552 4097 alia
1590 4044 1660 4100 de
1689 4045 2094 4115 orthographia
2122 4046 2331 4100 codicis
2361 4046 2481 4115 peti
2509 4049 2763 4114 possunt,

466 4116 524 4168 in
564 4132 672 4183 quo
713 4119 1035 4170 constanter
1064 4117 1333 4184 scriptum
1372 4117 1459 4169 est
1492 4117 1897 4183 Brundusium,
1935 4117 2170 4183 cottidie,
2207 4118 2504 4184 incolomis,
2541 4120 2758 4172 soboles.

467 4187 650 4241 eidem
678 4187 990 4256 peculiares
1021 4191 1156 4241 sunt
1181 4187 1367 4255 apices
1395 4187 1489 4242 hic
1518 4186 1636 4241 illic
1667 4188 1881 4257 appicti
1909 4188 1969 4241 in
1995 4188 2145 4241 hunc
2172 4188 2425 4241 modum:
2465 4192 2519 4256 ά,
2547 4191 2762 4255 de'sitos,

466 4295 719 4359 tonde'ret,
751 4274 1055 4362 quantiluis
1084 4297 1141 4362 (p
1190 4298 1419 4364 205,23),
1456 4296 1658 4349 uomo'n
1687 4298 1760 4364 (p.
1794 4298 2029 4363 241,30);
2068 4294 2293 4362 saepius
2324 4295 2432 4347 sic:
2472 4296 2588 4349 una
2618 4298 2761 4364 (ter),

467 4367 659 4433 cecina,
695 4366 841 4420 alias
878 4366 1023 4433 (bis),
1062 4366 1398 4433 quadrimus,
1436 4369 1540 4432 hic,
1579 4368 1701 4435 quis
1738 4369 1881 4434 (ter),
1916 4368 1975 4420 rc*
2011 4366 2215 4435 (Herm.
2249 4371 2313 4419 37
2354 4383 2408 4433 p.
2440 4369 2580 4436 595).

646 4439 698 4504 5)
738 4436 816 4490 Cf.
858 4437 1042 4492 Herm.
1086 4443 1149 4490 37
1192 4454 1245 4503 p.
1287 4442 1386 4490 593
1408 4456 1528 4506 sqq.
1587 4437 1757 4491 aliter
1806 4437 2022 4491 censuit
2060 4437 2116 4491 C.
2146 4437 2205 4491 L.
2247 4437 2455 4500 Smith,
2507 4438 2760 4491 Harvard

468 4505 692 4560 Studies
728 4507 829 4561 XII
865 4527 918 4578 p.
950 4515 1016 4562 42
1047 4508 1139 4576 (cf.
1170 4507 1297 4559 XVI
1333 4526 1387 4575 p.
1420 4513 1532 4576 13),
1572 4510 1663 4563 cui
1702 4508 2079 4578 adstipulatur
2115 4509 2566 4571 Preud'homme‚
2604 4509 2763 4562 Troi-

468 4579 641 4633 sieme
679 4579 846 4634 etude
882 4599 935 4649 p.
967 4586 1031 4633 67
1054 4598 1135 4647 sq.
