3325 5209
1336 426 1536 480 NERO
1578 439 1709 487 [cu.
1741 439 1862 487 1—5]
2028 456 2035 461 ’
2623 425 2757 487 233

452 583 822 674 propinqua
870 590 992 653 sibi
1041 590 1425 675 cognatione
1473 591 1726 654 iunctos
1774 589 2178 673 contulisset,
2224 593 2373 673 post
2418 588 2757 670 utriusque

452 697 788 760 interitum
837 696 1107 760 classem
1157 696 1312 760 olim
1361 697 1769 761 commissam
1817 697 2102 779 retinuit,
2150 697 2330 759 auxit
2376 696 2590 777 etiam,
2635 716 2754 759 nec

452 804 573 865 nisi
625 803 917 886 partibus
964 803 1207 887 ubique
1250 803 1613 888 profligatis
1649 804 1736 867 M.
1767 803 2053 867 Antonio
2104 806 2332 887 sponte
2371 807 2434 865 et
2471 802 2753 886 ingentis

451 910 665 973 meriti
714 911 856 974 loco
905 911 1186 975 tradidit.
1283 910 1584 993 solusque
1634 911 1921 974 omnium
1979 932 2058 974 ex
2106 910 2210 992 iis,
2268 910 2378 991 qui
2425 909 2565 993 pari
2613 909 2755 993 lege
2793 925 2830 970 2

389 1032 427 1078 '5
457 1017 745 1081 damnati
774 1022 970 1101 erant,
998 1019 1337 1081 restitutus
1366 1020 1436 1082 in
1462 1018 1741 1101 pati-iam
1771 1016 2204 1101 amplissimos
2232 1017 2507 1081 honores
2537 1038 2755 1099 percu-
2818 1034 2823 1045 ²

454 1122 687 1207 currit3
736 1145 808 1187 ac
855 1124 1124 1187 subinde
1163 1125 1601 1209 redintegrata
1640 1124 2038 1187 dissensione
2077 1123 2271 1207 ciuili,
2319 1123 2524 1186 eidem
2554 1122 2755 1185 Anto-

452 1231 561 1294 nio
610 1231 881 1315 legatus,
931 1230 1206 1295 delatam
1257 1231 1380 1294 sibi
1429 1254 1745 1294 summam
1785 1230 2041 1314 imperii
2090 1229 2169 1293 ab
2218 1230 2325 1314 iis,
2374 1250 2536 1311 quos
2577 1228 2756 1292 Cleo-

412 1410 417 1415 ,
453 1342 675 1420 patrae
702 1337 1002 1423 pudebat,
1031 1359 1241 1420 neque
1278 1339 1599 1421 suscipere
1626 1360 1836 1421 neque
1874 1359 2166 1402 recusare
2194 1337 2464 1400 fidenter
2490 1339 2759 1418 propter

454 1444 732 1507 subitam
774 1444 1195 1508 ualitudinem
1238 1467 1447 1528 ausus,
1495 1445 1756 1508 transiit
1794 1444 1872 1508 ad
1909 1443 2278 1529 Augustum
2321 1446 2386 1506 et
2422 1443 2491 1505 in
2530 1442 2754 1505 diebus

377 1576 429 1613 10
458 1552 680 1633 paucis
721 1551 902 1634 obiit,
939 1552 1251 1614 nonnulla
1290 1556 1353 1614 et
1392 1552 1531 1633 ipse
1568 1552 1834 1614 infamia
1873 1572 2182 1635 aspersus.
2242 1571 2391 1613 nam
2431 1549 2755 1613 Antonius

456 1679 600 1720 eum
650 1657 963 1721 desiderio
1012 1659 1253 1721 amicae
1304 1656 1616 1721 Seruiliae
1660 1657 1889 1721 Naidis
1936 1659 2359 1743 transfugisse
2406 1657 2687 1720 iactauit.

632 1763 734 1825 Ex
780 1763 904 1826 hoc
950 1763 1278 1827 Domitius
1325 1766 1628 1848 nascitur,
1678 1787 1866 1847 quem
1917 1768 2270 1847 emptorem
2319 1763 2603 1826 familiae
2649 1786 2755 1846 pe·
2785 1758 2836 1823 4

457 1871 808 1952 cuniaeque
863 1870 932 1931 in
989 1874 1376 1934 testamento
1423 1868 1709 1955 Augusti
1765 1871 1965 1934 fuisse
2011 1892 2159 1933 mox
2208 1869 2407 1954 uulgo
2454 1874 2752 1933 notatum

457 1979 579 2058 est,
640 1998 771 2039 non
832 1977 1045 2039 minus
1107 1976 1443 2061 aurigandi
1503 1981 1641 2040 arte
1697 1977 1765 2040 in
1825 1976 2256 2040 adulescentia
2305 1976 2513 2039 clarus
2564 1998 2752 2058 quam

377 2104 428 2145 15
458 2081 685 2145 deinde
732 2084 1125 2146 ornamentis
1173 2082 1677 2166 triumphalibus
1722 2106 1798 2146 ex
1840 2081 2221 2148 Germanico
2259 2083 2449 2147 beIIO.
2532 2105 2755 2145 uerum

456 2211 781 2275 arrogans,
809 2188 1134 2274 profusuS,
1164 2190 1434 2253 immitis
1465 2211 1794 2254 censorem
1824 2190 1909 2273 Ι».ἢ
1924 2189 2233 2265 Plancum
2275 2191 2383 2253 uia
2421 2190 2543 2254 sibi
2582 2190 2811 2252 dece—ſs

455 2296 603 2359 dere
659 2295 882 2360 aedilis
939 2298 1178 2381 coegit3
1248 2300 1589 2380 praeturae
1647 2284 2169 2381 consulatusquev
2203 2297 2449 2359 honore
2510 2295 2757 2377 equites

454 2401 529 2466 R.
578 2406 1035 2488 matronasque
1095 2403 1176 2466 ad
1236 2404 1556 2488 agendum
1621 2405 1891 2467 mimum
1953 2404 2260 2487 produxit
2320 2404 2386 2466 in
2448 2423 2755 2466 scaenam.

456 2511 829 2574 uenationes
880 2515 944 2574 et
991 2512 1059 2574 in
1117 2511 1286 2576 circo
1334 2515 1398 2574 et
1445 2512 1511 2574 in
1559 2510 1861 2574 omnibus
1909 2511 2086 2574 urbis
2142 2511 2515 2595 regionibus
2565 2509 2759 2588 dedit,

376 2639 430 2678 20
456 2640 689 2681 munus
730 2619 921 2682 etiam
963 2618 1437 2703 gladiatorium,
1477 2617 1585 2681 sed
1623 2621 1805 2681 tanta
1843 2618 2128 2701 saeuitia,
2158 2621 2231 2680 ut
2266 2619 2522 2681 necesse
2558 2616 2754 2679 fuerit

456 2723 754 2810 Augusto
803 2716 969 2788 clam
1023 2725 1265 2789 frustra
1311 2725 1630 2788 monitum
1690 2725 1898 2789 edicto
1956 2746 2259 2788 coercere.
2344 2708 2424 2787 ex
2471 2722 2758 2787 Antonia
2791 2716 2838 2780 5

457 2832 699 2895 maiore
753 2836 1001 2914 patrem
1049 2830 1329 2894 Neronis
1386 2833 1753 2914 procreauit
1802 2832 1978 2894 omni
2034 2836 2218 2915 parte
2265 2832 2439 2894 uitae
2488 2832 2757 2894 detesta-

457 2938 682 3022 bilem,
758 2938 1069 3021 siquidem
1158 2959 1370 3001 comes
1407 2978 1410 2983 ·
1446 2937 1521 2999 ad
1600 2935 1930 3001 Orientem
2014 2935 2078 3000 C.
2128 2935 2413 3001 Caesaris
2488 2939 2757 3020 iuuenis,

460 3047 669 3109 occiso
717 3045 953 3108 liberto
1002 3067 1135 3128 suc,
1184 3044 1356 3128 quod
1401 3048 1626 3127 potare
1667 3048 1979 3126 quantum
2028 3043 2371 3107 iubebatur
2416 3049 2755 3115 recusarat,

381 3172 433 3211 25
462 3153 763 3217 dimissus
815 3174 847 3214 e
896 3151 1161 3216 cohorte
1218 3151 1570 3214 amicorum
1624 3150 1832 3212 nihilo
1889 3150 2242 3214 modestius
2289 3151 2482 3234 uixit,
2540 3150 2649 3214 sed
2696 3155 2759 3213 et

461 3258 530 3321 in
583 3259 727 3322 uiae
781 3257 1034 3341 Appiae
1093 3257 1240 3321 uico
1298 3261 1559 3340 repente
1619 3278 1892 3340 puerum
1954 3257 2167 3320 citatis
2229 3258 2531 3321 iumentis
2586 3258 2760 3321 haud

461 3366 723 3450 ignarus
773 3364 1044 3427 obtriuit
1091 3367 1155 3426 et
1192 3362 1436 3426 Romae
1481 3362 1695 3427 medio
1741 3363 1885 3427 foro
1935 3363 2186 3427 cuidam
2234 3365 2432 3447 equiti
2483 3364 2557 3428 R.
2605 3364 2759 3428 libe-

463 3473 594 3534 rius
634 3471 917 3556 iurganti
947 3471 1204 3534 oculum
1243 3470 1437 3553 eruit3
1474 3470 1785 3553 perfidiae
1820 3493 1973 3534 uero
2013 3475 2246 3554 tantae,
2284 3476 2357 3533 ut
2394 3493 2527 3534 non
2562 3470 2754 3534 modo
2795 3482 2832 3527 2

463 3577 859 3662 argentarios
897 3577 1122 3667 pretiis
1162 3598 1375 3640 rerum
1414 3581 1874 3667 coemptarum,
1916 3578 2025 3641 sed
2064 3583 2126 3641 et
2164 3578 2232 3641 in
2259 3583 2561 3661 praetura
2597 3600 2758 3641 mer-

385 3703 438 3742 30
467 3685 617 3748 cede
645 3683 1003 3768 palmarum
1045 3683 1402 3767 aurigarios
1432 3682 1846 3767 fraudauerit,
1888 3687 2150 3747 notatus
2185 3683 2268 3746 ob
2302 3683 2460 3748 haec
2494 3689 2557 3747 et
2586 3706 2759 3747 soro-

463 3793 551 3853 ris
596 3792 736 3854 ioco
768 3792 808 3873 <
813 3841 961 3854 ......
964 3791 1005 3873 >
1053 3789 1466 3872 querentibus
1511 3790 1790 3853 dominis
1828 3790 2183 3853 factionum
2225 3791 2760 3874 repraesentanda

606 3999 636 4044 3
675 3992 810 4063 nisi]
849 3992 960 4048 sibi
991 3994 1066 4046 M
1171 3998 1201 4044 8
1240 4009 1365 4061 neq.
1396 4007 1654 4045 recusare
1691 4009 1813 4059 neq.
1858 3991 2137 4061 suscipere
2175 3994 2352 4047 Polak
2462 4000 2526 4046 15
2564 3991 2760 4045 trium-

462 4071 727 4142 phalibus
759 4073 1098 4126 ornamentis
1133 4074 1184 4127 G
1296 4078 1361 4125 16
1397 4072 1492 4124 uia
1521 4090 1621 4125 om.
1661 4075 1709 4125 Τ
1815 4079 1881 4126 19
1912 4072 2093 4125 edidit
2122 4075 2355 4144 Bentley
2463 4080 2529 4127 24
2557 4075 2761 4141 putare

467 4154 553 4220 M,
591 4156 814 4222 portare
848 4153 925 4205 L¹
1026 4159 1092 4206 26
1131 4156 1421 4220 repentem
1459 4153 1494 4204 ὃ
1531 4153 1806 4219 (Gujetus,
1847 4154 2099 4224 Bentley)
2210 4155 2348 4208 haut
2384 4152 2551 4207 MGS
2579 4155 2661 4223 (in
2692 4154 2767 4207 ,Μ

462 4235 685 4289 hastula
704 4251 926 4287 anneaea
945 4236 1047 4286 uix
1066 4234 1086 4285 i
1105 4234 1446 4303 siqnificans)
1559 4239 1621 4285 27
1648 4250 1855 4303 gnarus
1879 4236 2054 4289 MR&
2154 4234 2339 4288 obruit
2359 4234 2520 4289 ΡΟΤ
2615 4242 2680 4288 29
2704 4238 2765 4288 et

464 4331 565 4369 om.
597 4315 671 4367 M
775 4319 844 4367 30
884 4314 1110 4383 sororis]
1142 4312 1394 4366 Caesaris
1435 4314 1636 4380 Ursin„
1670 4314 1909 4368 Neronis
1940 4313 2193 4367 Caesaris
2228 4316 2364 4369 oud.
2477 4320 2538 4368 31
2573 4314 2695 4367 ioco
2727 4331 2758 4372 ς

464 4395 806 4464 (Sabellicus)
836 4401 885 4447 et
902 4395 982 4448 sic
1008 4394 1121 4447 iam
1149 4395 1211 4446 in
1233 4394 1283 4446 R
1304 4410 1371 4447 ss.
1386 4410 1493 4463 pro
1512 4412 1566 4447 u.
1591 4397 1640 4458 1.,
1663 4393 1784 4447 1000
1805 4396 1857 4445 Ω
1994 4401 2121 4448 ante
2149 4394 2511 4463 querentibus
2541 4397 2759 4462 (quaer-

468 4468 612 4545 MR)
641 4476 818 4544 suppl.
851 4473 1086 4546 (quae)
1119 4476 1371 4549 Gasaub„
1412 4473 1595 4545 (qui)
1627 4474 1810 4527 Ursz'n.
1843 4474 2046 4543 (oud),
2086 4481 2141 4527 at
2174 4475 2339 4541 plura
2368 4473 2539 4526 deesse
2567 4474 2761 4526 uiden—

464 4563 573 4621 tur,
611 4556 713 4627 (et
750 4554 939 4609 Tiberi
978 4554 1164 4607 edicto
1203 4555 1343 4625 qui>
1373 4568 1594 4622 propos.
1625 4554 1892 4607 Racheler
2034 4554 2361 4621 repsentata
2389 4552 2444 4605 R
