3325 5209
1305 431 1503 486 NERO
1543 443 1677 492 [cu.
1705 446 1881 495 48—50]
2609 436 2738 499 267

445 596 751 679 puniatur
795 616 977 659 more
1014 596 1349 679 maiorum,
1396 595 1948 680 interrogauitque
1997 597 2183 681 quale
2230 598 2295 661 id
2334 621 2536 684 genus
2574 603 2741 663 esset

443 724 718 787 poenae3
784 707 847 767 et
918 724 1064 767 cum
1130 703 1548 787 comperisset
1605 703 1764 767 nudi
1821 703 2103 789 hominis
2173 705 2487 770 ceruicem
2547 706 2741 771 inseri

444 810 679 893 furcae,
726 830 959 894 corpus
1005 810 1210 894 uirgis
1258 809 1338 872 ad
1382 796 1603 874 necem
1652 810 1848 888 caedi,
1894 812 2278 875 conterritus
2316 812 2477 876 duos
2513 812 2740 898 pugio-

443 939 577 998 nes,
623 938 784 1000 quos
823 937 1038 980 secum
1077 914 1411 999 extulerat,
1448 918 1723 1000 arripuit
1758 921 2199 1002 temptataque
2236 918 2569 1002 utriusque
2605 920 2742 983 acie

390 1046 417 1086 s
446 1045 665 1087 rursus
713 1022 1017 1105 condidit,
1073 1027 1369 1086 causatus
1415 1023 1744 1087 nondum
1791 1024 2055 1089 adesse
2100 1024 2414 1089 fatalem
2460 1026 2741 1090 horam.

446 1152 520 1194 ac
549 1129 741 1202 modo
773 1128 1050 1212 Sporum
1080 1129 1461 1193 hortabatur
1496 1134 1570 1194 ut
1601 1131 1938 1194 lamentari
1975 1152 2051 1195 ac
2086 1132 2389 1216 plangere
2416 1123 2743 1218 inciperet,
2783 1148 2814 1196 3

447 1236 639 1300 modo
688 1237 912 1300 orabat
958 1240 1030 1299 ut
1078 1258 1145 1300 se
1192 1237 1422 1320 aliquis
1480 1237 1560 1300 ad
1615 1240 1889 1301 mortem
1949 1238 2400 1321 capessendam
2447 1241 2741 1322 exemplo

447 1344 723 1428 iuuaret3
771 1343 1093 1407 interdum
1134 1343 1470 1428 segnitiem
1509 1365 1692 1407 suam
1729 1344 1831 1407 his
1868 1344 2083 1409 uerbis
2120 1345 2517 1428 increpabat:
2561 1345 2741 1410 uiuo

450 1450 933 1534 deformiter,
978 1450 1316 1532 turpiter
1371 1487 1454 1495 —
1512 1450 1594 1514 οὐ
1639 1449 1872 1531 πρέπει
1924 1450 2210 1534 Νέρωνι,
2258 1451 2340 1516 οὐ
2385 1450 2618 1536 πρέπει
2655 1489 2745 1498 -

368 1580 421 1619 10
448 1545 688 1639 νήφὶιν
737 1558 841 1621 δεῖ
888 1557 961 1620 ἐν
1006 1568 1145 1631 τοῖς
1189 1557 1517 1631 τοιούτοις
1553 1594 1641 1602 -
1680 1558 1796 1638 ἄγε
1844 1553 2055 1638 ἔγειρε
2103 1560 2401 1635 σεαυτόν.
2488 1558 2744 1642 iamque

449 1664 695 1746 equites
757 1663 1390 1746 appropinquabant,
1446 1663 1679 1745 quibus
1739 1668 2149 1746 praeceptum
2207 1668 2342 1727 erat
2397 1668 2468 1728 ut
2519 1665 2743 1728 uiuum

451 1792 592 1833 eum
652 1770 1077 1833 adtraherent.
1154 1769 1325 1851 quod
1384 1773 1459 1831 ut
1506 1770 1734 1852 sensit,
1792 1771 2187 1907 trepidanter
2241 1771 2469 1836 effatus
2514 1771 2744 1853 (Hom.

451 1876 537 1939 Il
576 1881 674 1953 10,
713 1875 903 1958 535>:

653 1984 872 2046 ’ἴνππωι
919 2008 964 2066 μ
972 1981 1088 2066 ’[ε]
1139 1982 1508 2046 ὠκυπόδων
1552 1979 1722 2066 ἀμφὶ
1770 1982 2017 2058 κτύπος
2063 1984 2270 2046 ovata
2318 1984 2543 2064 βάλλει

370 2109 423 2151 1⁶
450 2089 690 2153 ferrum
746 2091 968 2174 iugulo
1027 2089 1241 2174 adegit
1286 2089 1549 2152 iuuante
1593 2087 2040 2171 Epaphrodito
2096 2112 2134 2152 a
2185 2090 2437 2154 libellis.
2523 2091 2744 2154 semia·
2784 2109 2818 2155 4

448 2197 768 2279 nimisque
823 2196 1031 2259 adhuc
1087 2196 1469 2278 irrumpenti
1525 2196 1884 2259 centurioni
1938 2199 2004 2260 et
2057 2195 2333 2278 paenula
2386 2196 2465 2259 ad
2511 2197 2745 2261 uulnus

450 2303 743 2387 adposita
787 2304 855 2367 in
901 2303 1214 2366 auxilium
1262 2324 1329 2366 se
1374 2303 1626 2367 uenisse
1672 2303 2002 2366 simulanti
2037 2324 2170 2366 non
2208 2303 2380 2366 aliud
2415 2303 2748 2386 respondit

450 2431 668 2492 quam:
733 2431 899 2474 sero
949 2414 1037 2473 et:
1093 2408 1279 2473 haec
1334 2413 1449 2473 est
1502 2409 1719 2474 fides.
1806 2413 1997 2492 atque
2042 2410 2111 2473 in
2166 2431 2239 2473 ea
2292 2431 2453 2474 uoce
2499 2409 2746 2491 defecit,

451 2517 814 2580 extantibus
842 2517 1326 2602 rigentibusque
1366 2515 1568 2580 oculis
1603 2537 1809 2600 usque
1846 2514 1926 2579 ad
1953 2516 2285 2580 horrorem
2313 2515 2744 2580 formidinem-

372 2642 425 2682 ιο
453 2643 577 2705 que
631 2623 993 2687 uisentium.
1078 2623 1242 2687 nihil
1295 2623 1472 2706 prius
1530 2627 1640 2686 aut
1696 2622 1903 2708 magis
1960 2646 1998 2687 a
2052 2623 2394 2687 comitibus
2450 2627 2749 2707 exegerat

454 2750 646 2812 quam
703 2751 784 2793 ne
838 2734 1121 2812 potestas
1181 2729 1475 2812 cuiquam
1527 2730 1755 2812 capitis
1803 2730 1903 2793 sui
1946 2730 2155 2813 fieret,
2212 2729 2323 2793 sed
2368 2733 2441 2792 ut
2487 2750 2748 2813 quoquo

452 2835 647 2899 modo
694 2840 871 2900 totus
921 2841 1322 2901 cremaretur.
1406 2837 1699 2920 permisit
1742 2835 1868 2900 hoc
1908 2834 2135 2918 Icelus,
2182 2833 2420 2901 Galbae
2462 2836 2751 2918 libertus,

453 2964 587 3006 non
624 2942 829 3006 multo
868 2947 1016 3007 ante
1052 2943 1329 3007 uinculis
1369 2944 1683 3026 exolutus,
1728 2943 1797 3006 in
1835 2964 1997 3026 quae
2033 2943 2242 3027 primo
2280 2943 2564 3006 tumultu
2603 2964 2750 3006 con-

452 3048 656 3113 iectus
700 3050 925 3113 fuerat.

372 3175 425 3215 35
632 3154 992 3220 Funeratus
1032 3160 1131 3220 est
1166 3157 1458 3240 impensa
1486 3156 1909 3220 ducentorum
1948 3156 2218 3237 milium,
2247 3157 2548 3240 stragulis
2587 3155 2748 3219 albis
2762 3145 2857 3211 50

595 3354 627 3403 8
658 3350 813 3418 Epit.
839 3354 889 3418 5,
910 3353 945 3403 7
972 3349 1309 3403 dedecorose
1337 3348 1470 3414 uixi,
1499 3349 1722 3419 turpius
1752 3364 1994 3418 peream.
2122 3354 2188 3402 15
2225 3349 2408 3403 Victor
2438 3349 2584 3404 Caes.
2608 3352 2659 3415 5,
2681 3352 2753 3402 16

456 3429 711 3482 desertus
758 3428 1009 3496 undique
1059 3429 1171 3482 nisi
1219 3429 1291 3483 ab
1338 3428 1588 3498 spadone
1619 3431 1909 3482 ...semet
1952 3428 2072 3482 ictu
2115 3428 2409 3498 transegit.
2466 3429 2623 3497 Epit.
2646 3432 2698 3495 5,
2717 3433 2754 3483 7

458 3511 635 3564 semet
669 3510 787 3563 ictu
824 3509 1006 3579 gladii
1042 3510 1321 3579 transegit
1358 3509 1667 3563 adiuuante
1703 3507 2083 3578 trepidantem
2120 3524 2350 3561 manum
2386 3509 2607 3578 impuro
2620 3551 2633 3575 ‚
2681 3508 2752 3561 de

456 3606 566 3656 quo
615 3589 857 3642 diximus
905 3591 961 3659 (i.
1002 3590 1223 3659 Spero),
1270 3589 1540 3643 eunuch0.
1606 3590 1677 3656 cf.
1708 3589 1919 3643 Auson.
1947 3592 2084 3654 259,
2117 3593 2153 3642 6
2200 3588 2415 3658 proprii
2461 3587 2580 3641 uim
2625 3603 2781 3657 per-,

452 3669 588 3722 tulit
623 3669 789 3723 ensis,

598 3844 630 3890 3
667 3855 800 3893 uero
831 3846 959 3908 post
996 3855 1195 3907 corpus
1235 3837 1363 3892 add.
1395 3838 1462 3892 H
1627 3843 1660 3891 8
1698 3837 1833 3891 uiuo
1872 3836 2221 3908 deformiter]
2260 3837 2597 3891 dedecorose
2631 3835 2753 3889 uixi

457 3918 612 3987 Epit.
795 3924 825 3972 9
866 3918 1110 3988 turpiter
1136 3921 1206 3986 Ω,
1245 3935 1345 3972 om.
1376 3918 1499 3976 L¹5
1538 3918 1819 3988 (ylossema
1849 3922 2058 3985 putant
2093 3918 2290 3971 Burm.
2332 3917 2469 3971 Oud.
2509 3917 2753 3986 aliique),

457 3998 677 4067 turpius
714 4014 881 4067 pereo
909 3998 989 4065 H,
1026 3997 1248 4067 turpius
1285 4013 1512 4067 peream
1540 3998 1718 4067 Epit„
1754 3996 1962 4050 morior
1996 3996 2239 4065 turpiter
2275 3996 2369 4064 1²²,
2408 4013 2474 4051 ac
2511 3996 2754 4066 turpiter

457 4078 607 4148 uuly.
640 4078 1121 4151 post'Sabeuicum
1251 4076 1453 4146 Νέρων
1480 4078 1600 4133 edd.
1633 4079 1790 4133 Rom.
1922 4082 1988 4130 10
2027 4077 2298 4130 ΝΗΦΕΙΙΝ
2327 4077 2458 4144 LS,
2499 4077 2752 4131 ΜΗΦΕΙΝ

465 4158 617 4211 ‘PPT
720 4175 789 4213 ss.
828 4175 1001 4228 supra
1032 4158 1247 4213 Graeca
1282 4175 1395 4212 non
1433 4158 1597 4212 decet
1631 4173 1897 4212 neronem
1933 4173 2047 4210 non
2085 4156 2247 4211 decet
2281 4156 2523 4226 uigilare
2561 4159 2664 4227 (-te
2692 4156 2755 4226 S)

458 4254 678 4307 semper
728 4241 939 4307 (semen
978 4240 1048 4308 L)
1095 4238 1156 4291 in
1200 4237 1413 4292 talibus
1458 4237 1732 4292 resuscita
1777 4240 1834 4291 te
1880 4237 2068 4307 ipsum
2115 4237 2235 4308 (sed
2272 4237 2546 4291 resuscita
2589 4239 2647 4290 te
2686 4237 2754 4306 S)

457 4320 518 4371 in
548 4319 647 4374 LS
787 4320 1072 4374 ΕὰΥΤΟΝ
1109 4319 1390 4388 (ΕὰΙΤΟΝ
1426 4318 1558 4391 Θιρ)
1592 4318 1845 4374 (ἶΒΡΤὸ
1983 4324 2109 4386 post
2145 4317 2475 4373 (ῖΕὰΥΤΟΝ
2513 4318 2756 4385 spatium

456 4415 655 4453 nouem
689 4399 804 4465 fere
840 4399 1148 4453 litterarum
1185 4415 1425 4453 uacuum
1456 4400 1706 4454 relictum
1741 4400 1804 4453 in
1834 4400 1909 4452 M
2050 4404 2113 4451 11
2152 4399 2218 4451 ut
2247 4397 2616 4463 HGLHRN,
2653 4414 2754 4453 om.

454 4480 547 4533 rel.
751 4484 816 4532 12
856 4495 987 4533 eum
1022 4496 1122 4534 om.
1153 4479 1221 4533 N
1226 4496 1259 4537 ς
1465 4484 1530 4532 16
1571 4477 1927 4547 epafrondito
1965 4477 2244 4531 Halabilis
2275 4477 2328 4532 G
2522 4482 2587 4530 21
2620 4492 2755 4544 quo-

457 4562 592 4632 quo]
632 4576 743 4630 quo
776 4560 829 4615 G
1010 4565 1076 4612 22
1114 4559 1331 4613 hiceius
1370 4559 1644 4629 (hicheius
1679 4560 1757 4625 G,
1792 4557 2007 4612 hiccius
2037 4558 2137 4621 L1)
2158 4560 2236 4624 Ω,
2273 4574 2409 4613 corr.
2440 4558 2757 4613 Politianus
