3325 5209
601 393 686 458 28
1307 391 1362 446 C.
1404 392 1719 446 SVETONI
1756 392 2200 457 TRANQVILLI

601 556 767 620 dam
841 578 994 620 rem
1074 555 1464 639 publicam
1544 555 1885 620 sobrium
1968 556 2408 621 accessisse.
2508 578 2657 620 nam
2731 558 2904 621 circa

602 662 849 727 uictum
906 660 1100 727 Gaius
1159 661 1406 745 Oppius
1462 661 1620 726 adeo
1670 662 2139 727 indifferentem
2186 662 2398 744 docet,
2454 666 2528 727 ut
2575 662 2902 746 quondam

601 770 683 834 ab
742 769 1002 855 hospite
1061 770 1391 834 conditum
1450 771 1661 833 oleum
1718 790 1836 853 pro
1891 768 2086 832 uiridi
2144 770 2509 852 adpositum
2561 790 2901 853 aspernan-

600 876 776 941 tibus
823 876 1049 942 ceteris
1098 874 1308 940 solum
1357 876 1551 940 etiam
1596 875 1841 961 largius
1889 877 2212 959 appetisse
2259 877 2511 958 scribat,
2557 898 2639 939 ne
2683 875 2901 959 hospi-

599 986 732 1047 tem
787 985 899 1046 aut
952 982 1397 1068 neglegentiae
1454 985 1565 1047 aut
1619 982 2001 1047 rusticitatis
2057 982 2384 1046 uideretur
2430 1004 2708 1067 arguere.
2791 983 2900 1047 ab-
2958 1008 2985 1048 ε

601 1089 970 1154 stinentiam
1030 1111 1239 1172 neque
1295 1090 1362 1152 in
1424 1088 1714 1173 imperiis
1782 1111 1989 1172 neque
2055 1089 2123 1153 in
2180 1088 2662 1175 magistratibus
2723 1111 2903 1173 prae·

495 1190 589 1259 54
608 1196 789 1261 stitit.
873 1199 947 1259 ut
994 1197 1166 1260 enim
1215 1196 1475 1279 quidam
1522 1196 1957 1260 monumentis
2013 1197 2145 1260 suis
2191 1196 2410 1260 testati
2457 1200 2627 1279 sunt,
2672 1195 2740 1259 in
2785 1195 2902 1259 Hi-

602 1302 828 1388 spania
871 1323 988 1385 pro
1029 1301 1292 1366 consule
1338 1306 1403 1366 et
1440 1324 1478 1365 a
1515 1301 1706 1367 sociis
1744 1302 2046 1386 pecunias
2085 1303 2330 1386 accepit
2366 1302 2793 1366 emendicatas
2832 1302 2902 1366 in

600 1408 912 1472 auxilium
960 1408 1124 1473 aeris
1172 1407 1365 1473 alieni
1411 1412 1477 1472 et
1521 1410 1979 1473 Lusitanorum
2027 1409 2338 1491 quaedam
2385 1407 2645 1493 oppida,
2702 1430 2898 1492 quan-

603 1537 796 1598 quam
850 1536 970 1580 nec
1028 1516 1344 1599 imperata
1399 1515 1828 1580 detrectarent
1887 1519 1951 1580 et
2010 1515 2377 1579 aduenienti
2438 1518 2659 1599 portas
2725 1520 2896 1600 pate·
2929 1539 2983 1580 ιο

531 1633 562 1681 2
600 1621 912 1704 facerent,
970 1621 1237 1704 diripuit
1289 1621 1631 1687 hostiliter.
1715 1624 1786 1686 in
1833 1620 2044 1687 Gallia
2089 1622 2239 1685 fana
2293 1621 2660 1705 templaque
2708 1621 2896 1685 deum

601 1728 786 1792 donis
833 1727 1068 1793 referta
1114 1728 1442 1811 expilauit,
1489 1728 1680 1793 urbes
1719 1728 1916 1793 diruit
1955 1729 2207 1812 saepius
2248 1729 2328 1793 ob
2365 1728 2666 1813 praedam
2705 1750 2895 1811 quam

602 1833 683 1898 ob
733 1833 1066 1920 delictum3
1112 1835 1281 1900 unde
1326 1835 1587 1919 factum,
1634 1839 1708 1899 ut
1756 1857 1911 1900 auro
1960 1835 2311 1900 abundaret
2356 1834 2687 1923 ternisque
2732 1834 2897 1898 mili-

514 2029 520 2034 ,
600 1939 721 2004 bus
766 1963 1102 2006 nummum
1150 1941 1219 2005 in
1263 1940 1463 2006 libras
1510 1943 1905 2026 promercale
1950 1963 2065 2026 per
2101 1940 2356 2006 Italiam
2400 1941 2896 2025 prouinciasque

531 2058 562 2106 3
602 2046 986 2112 diuenderet.
1069 2050 1136 2113 in
1181 2050 1392 2133 primo
1440 2050 1780 2114 consulatu
1826 2050 1951 2113 tria
1996 2048 2173 2113 milia
2218 2048 2432 2133 pondo
2472 2049 2608 2112 auri
2646 2047 2894 2111 furatus
2928 2071 2981 2113 ιε

600 2175 634 2216 e
681 2151 1000 2237 Capitolio
1055 2156 1434 2219 tantundem
1492 2157 1770 2219 inaurati
1826 2155 1987 2220 aeris
2042 2156 2348 2239 reposuit.
2432 2154 2769 2220 societates
2824 2175 2897 2217 ac

598 2282 798 2347 regna
861 2263 1068 2345 pretio
1130 2261 1331 2345 dedit,
1389 2266 1464 2326 ut
1525 2263 1636 2345 qui
1697 2263 1810 2326 uni
1864 2261 2234 2326 Ptolemaeo
2290 2283 2492 2345 prope
2548 2283 2659 2326 sex
2718 2260 2898 2324 milia

598 2369 991 2432 talentorum
1054 2389 1170 2433 suo
1233 2367 1631 2453 Pompeique
1690 2369 1952 2435 nomine
2016 2369 2369 2433 abstulerit.
2454 2372 2684 2452 postea
2740 2389 2895 2431 uero

600 2474 1097 2539 euidentissimis
1142 2476 1385 2559 rapinis
1433 2497 1506 2539 ac
1552 2475 1880 2561 sacrilegis
1919 2480 1983 2540 et
2021 2497 2213 2540 onera
2250 2475 2565 2540 bellorum
2605 2472 2908 2544 ciuilium,

600 2586 665 2643 et
710 2582 1185 2664 triumphorum
1236 2603 1308 2645 ac
1354 2603 1693 2647 munerum
1743 2583 2049 2647 sustinuit
2092 2582 2431 2665 impendia.
2924 2605 2981 2645 ευ

494 2679 585 2746 55
781 2687 1173 2772 Eloquentia
1226 2688 1619 2772 militarique
1672 2711 1740 2752 re
1792 2692 1906 2753 aut
1962 2691 2262 2772 aequauit
2315 2686 2898 2772 praestantissimo-

597 2816 742 2858 rum
784 2793 1057 2880 gloriam
1096 2798 1207 2858 aut
1245 2796 1535 2860 excessit.
1617 2799 1768 2878 post
1806 2797 2274 2861 accusationem
2313 2794 2686 2858 Dolabellae
2722 2792 2896 2857 haud

600 2900 792 2964 dubie
839 2901 1240 2985 principibus
1291 2902 1581 2985 patronis
1631 2902 2084 2967 adnumeratus
2131 2906 2245 2966 est.
2338 2906 2508 2966 certe
2546 2899 2767 2964 Cicero
2815 2898 2896 2961 ad

600 3006 875 3071 Brutum
924 3009 1133 3091 (261)
1190 3013 1473 3073 oratores
1532 3030 1912 3074 enumerans
1969 3013 2164 3095 negat
2218 3029 2285 3073 se
2338 3008 2585 3092 uidere,
2615 3007 2746 3092 ‘cui
2792 3006 2893 3069 de-

598 3114 747 3177 beat
794 3112 1026 3178 Caesar
1073 3114 1320 3198 cedere,
1378 3115 1598 3198 aitque
1655 3138 1803 3179 eum
1861 3116 2237 3201 elegantem,
2294 3114 2692 3199 splendidam
2739 3134 2893 3195 quo·
2923 3135 2978 3177 ει

600 3241 722 3303 que
786 3223 980 3303 atque
1045 3221 1237 3285 etiam
1301 3222 1711 3308 magnificam
1776 3225 1842 3286 et
1912 3244 2287 3308 generosam
2359 3221 2636 3305 quodam
2700 3219 2893 3283 modo

596 3329 911 3391 rationem
958 3327 1207 3392 dicendi
1254 3333 1497 3413 tenere3
1544 3333 1607 3392 et
1650 3328 1731 3392 ad
1771 3326 2139 3392 Cornelium
2177 3327 2495 3411 Nepotem
2534 3327 2746 3408 (epist.
2770 3327 2890 3408 fry.

528 3442 559 3490 2
598 3433 691 3497 II
715 3435 802 3517 4>
850 3434 926 3497 de
973 3434 1195 3498 eodem
1252 3436 1343 3499 ita
1399 3436 1682 3518 scripsit:
1740 3435 1965 3518 quid?
2022 3438 2401 3498 oratorem
2452 3456 2666 3517 quem
2715 3433 2894 3498 huic

599 3544 1020 3623 antepones
1069 3562 1353 3625 eorum,
1409 3543 1540 3626 qui
1585 3541 1788 3605 nihil
1835 3541 2047 3605 aliud
2101 3542 2465 3628 egerunt?
2512 3541 2680 3623 quis
2729 3560 2892 3603 sen-

598 3646 871 3711 tentiis
936 3651 1065 3711 aut
1129 3648 1435 3712 acutior
1508 3653 1637 3712 aut
1712 3648 2107 3712 crebrior?
2192 3648 2360 3732 quis
2425 3646 2689 3711 uerbis
2763 3650 2892 3710 aut
2920 3667 2976 3708 so

599 3753 946 3816 ornatior
1010 3759 1138 3819 aut
1204 3755 1682 3841 elegantior?
1760 3777 1961 3841 genus
2028 3754 2429 3838 eloquentiae
2495 3754 2648 3816 dum
2711 3755 2891 3817 taxat

739 3962 772 4009 4
825 3957 979 4011 dicat
1030 3956 1315 4025 appetisse
1365 3959 1487 4025 (om.
1543 3956 1774 4025 scribat)
1821 3959 1867 4008 Τ
2007 3962 2039 4009 8
2092 3955 2423 4025 proconsule
2471 3957 2533 4022 V,
2592 3953 2890 4023 proconsul

599 4039 674 4092 M
684 4037 964 4104 GLP01,
1012 4054 1046 4089 a
1094 4041 1180 4105 (ac
1219 4040 1271 4105 ρ)
1318 4037 1649 4106 proconsule
1695 4035 1843 4090 ΤὌ2
2015 4039 2073 4089 et
2110 4037 2166 4106 a]
2216 4052 2282 4089 ex
2324 4036 2376 4089 G
2557 4041 2623 4088 13
2662 4033 2890 4088 milibus

595 4116 822 4171 militib:
847 4120 922 4171 M
1054 4123 1118 4170 15
1142 4116 1424 4170 diuideret
1444 4118 1539 4176 Ες
1677 4121 1743 4169 19
1765 4132 1931 4170 onere
1952 4117 2070 4186 (ho·
2097 4118 2168 4185 T)
2193 4119 2267 4170 M
2275 4116 2449 4171 GPO
2467 4118 2556 4170 Τδ
2692 4122 2755 4169 21
2787 4114 2890 4167 mi·

595 4196 862 4264 litarique
890 4213 949 4249 re
980 4198 1211 4264 Lipsius
1239 4200 1294 4265 (ς
1306 4200 1368 4266 Ῥ),
1412 4196 1646 4250 militari
1677 4195 1945 4266 (mirabili
1975 4198 2063 4267 N)
2102 4212 2277 4264 quare
2316 4200 2510 4266 (quare
2539 4214 2639 4252 om.
2684 4197 2800 4265 ἃς)
2821 4198 2889 4263 Ω,

596 4275 832 4329 militari
870 4292 1091 4344 quoque
1128 4293 1188 4330 re
1225 4293 1277 4343 ς,
1311 4276 1659 4343 militarique
1699 4280 1820 4330 arte
1850 4278 2121 4331 Heinsius
2265 4283 2332 4329 25
2372 4279 2542 4344 atque
2571 4280 2630 4329 X
2659 4279 2793 4346 (non
2819 4278 2891 4346 T)

599 4361 665 4408 26
705 4357 988 4424 quondam
1033 4356 1476 4410 moderationem
1509 4357 1560 4411 G
1743 4362 1810 4410 28
1849 4373 2016 4423 quem
2053 4375 2188 4412 corr.
2229 4375 2296 4412 ex
2333 4358 2470 4424 quid
2518 4358 2684 4412 deleto
2721 4358 2892 4412 altero

596 4452 765 4504 quem
802 4436 882 4489 L²
1027 4438 1310 4490 oratorum
1355 4437 1488 4490 ΤΠ
1525 4438 1716 4506 (αἰῶ),
1773 4436 1908 4501 Quis
1956 4442 2144 4492 orator
2181 4443 2209 4490 e
2249 4454 2414 4505 quem
2461 4438 2821 4505 interpolauit
2857 4439 2893 4491 ὃ

598 4520 663 4568 29
701 4515 823 4587 qui]
862 4516 998 4584 quid
1039 4518 1113 4570 Μ
1119 4516 1136 4546 ¹
1279 4517 1426 4588 quis]
1467 4518 1564 4585 qui
1605 4520 1692 4584 M,
1730 4516 1869 4586 quid
1905 4517 1988 4586 8¹,
2027 4535 2127 4572 om.
2166 4518 2251 4572 Π1
