3325 5209
620 387 745 450 106
1314 384 1369 438 C.
1411 383 1728 438 SVETONI
1764 382 2209 448 TRANQVILLI

614 549 832 633 prole
892 549 1236 634 augenda
1304 551 1368 611 et
1428 546 1637 611 Rutili
1708 548 1793 610 de
1865 547 2082 611 modo
2143 547 2708 630 aedificiorum,
2784 568 2912 631 quo

613 657 822 740 magis
869 656 1277 739 persuaderet
1323 658 1660 736 utramque
1707 676 1839 717 rem
1884 676 2017 718 non
2063 677 2099 717 a
2146 677 2212 718 se
2261 656 2470 738 primo
2519 654 2912 718 animaduer-

615 785 768 845 sam,
817 762 927 826 sed
973 762 1256 844 antiquis
1304 761 1433 825 iam
1480 763 1637 824 tunc
1685 781 1870 824 curae
1916 760 2131 824 fuisse.

544 884 575 931 3
796 867 1061 954 Ingenia
1118 867 1354 932 saeculi
1412 869 1510 932 sui
1577 866 1877 931 omnibus
1934 868 2142 932 modis
2190 868 2373 931 fouit.
2460 868 2789 933 recitantis
2850 871 2915 931 et

616 975 891 1061 benigne
938 980 1002 1040 et
1047 977 1366 1059 patienter
1412 975 1640 1058 audiit,
1686 995 1805 1038 nec
1849 979 2101 1039 tantum
2152 975 2434 1040 carmina
2482 978 2546 1038 et
2592 975 2914 1056 historiae,
2970 1000 2994 1040 5

615 1083 724 1149 sed
782 1087 846 1147 et
902 1083 1223 1147 orationes
1278 1087 1342 1146 et
1397 1082 1705 1167 dialogos.
1783 1082 2083 1165 componi
2138 1085 2356 1145 tamen
2412 1082 2655 1165 aliquid
2711 1082 2788 1146 de
2845 1102 2913 1145 se

613 1191 741 1253 11161
788 1193 852 1253 et
899 1188 1066 1254 serio
1114 1193 1178 1252 et
1216 1210 1253 1251 a
1289 1188 1857 1271 praestantissimis
1896 1188 2355 1272 offendebatur,
2402 1188 2912 1272 admonebatque

613 1300 939 1380 praetores
995 1317 1075 1359 ne
1131 1299 1502 1378 paterentur
1556 1317 1796 1358 nomen
1856 1318 2042 1359 suum
2108 1296 2669 1359 commissionibus
2731 1294 2912 1359 obso-

611 1404 834 1466 lefieri.

508 1507 603 1572 90
795 1508 977 1574 Circa
1041 1509 1383 1594 religiones
1447 1508 1641 1573 talem
1711 1509 2089 1592 accepimus,
2185 1510 2471 1573 tonitrua
2536 1513 2600 1573 et
2655 1508 2913 1593 fulgura
2944 1534 2994 1574 ιο

613 1618 806 1700 paulo
869 1617 1187 1679 infirmius
1248 1617 1737 1699 expauescebat,
1808 1620 1881 1680 ut
1944 1638 2195 1699 semper
2254 1620 2318 1678 et
2379 1617 2618 1699 ubique
2678 1615 2912 1699 pellem

612 1722 805 1786 uituli
852 1723 1086 1786 marini
1133 1723 1571 1788 circumferret
1623 1746 1739 1806 pro
1787 1724 2068 1802 remedio
2118 1727 2311 1806 atque
2358 1724 2435 1787 ad
2485 1745 2737 1787 omnem
2787 1745 2914 1785 ma-

614 1830 768 1892 ioris
828 1831 1231 1913 tempestatis
1297 1831 1730 1914 suspicionem
1793 1832 1860 1893 in
1921 1831 2210 1893 abditum
2272 1834 2335 1893 et
2395 1835 2910 1895 concamaratum

611 1937 827 2000 locum
893 1958 959 2000 se
1023 1939 1363 2021 reciperet,
1432 1942 1877 2001 consternatus
1944 1937 2094 2000 olim
2165 1958 2280 2020 per
2344 1940 2729 2001 nocturnum
2793 1937 2916 2000 iter

612 2045 981 2107 transcursu
1026 2043 1323 2130 fulguriS,
1367 2048 1441 2108 ut
1485 2044 1919 2128 praediximus
1968 2047 2139 2124 <cap
2167 2047 2316 2124 29).
2944 2068 2994 2108 15

507 2144 595 2211 91
795 2150 1058 2214 Somnia
1111 2171 1317 2234 neque
1375 2173 1489 2213 sua
1536 2172 1745 2232 neque
1790 2151 2000 2213 aliena
2047 2149 2123 2212 de
2171 2171 2237 2211 se
2282 2150 2682 2234 neglegebat.
2766 2149 2914 2211 Phi-

611 2257 891 2340 lippensi
937 2258 1071 2321 acie
1129 2258 1423 2340 quamuis
1481 2258 1813 2320 statuisset
1866 2277 1999 2319 non
2045 2255 2259 2341 egredi
2309 2256 2721 2318 tabernaculo
2768 2276 2912 2337 pro-

612 2369 757 2447 pter
802 2364 1251 2444 ualitudinem,
1310 2383 1602 2447 egressus
1650 2366 1749 2425 est
1793 2366 2010 2426 tamen
2066 2362 2254 2425 amici
2302 2361 2551 2425 somnio
2600 2363 2909 2442 monitus3

614 2472 930 2552 cessitque
992 2491 1093 2533 res
1167 2491 1496 2553 prospere,
1570 2470 1825 2552 quando
1891 2470 2095 2552 captis
2170 2470 2394 2532 castris
2467 2467 2693 2531 lectica
2758 2468 2911 2549 61116,

614 2578 797 2658 quasi
852 2574 945 2639 ibi
1001 2575 1241 2642 cubans
1288 2576 1727 2659 remansisset,
1783 2596 2097 2640 concursu
2143 2575 2430 2639 hostium
2479 2575 2777 2640 confossa
2823 2579 2912 2639 at·
2943 2601 2995 2639 20

613 2705 736 2766 que
779 2683 1057 2747 lacerata
1103 2687 1217 2747 est.
1300 2684 1437 2767 ipse
1482 2705 1597 2766 per
1644 2704 1832 2746 omne
1879 2705 1994 2746 uer
2028 2683 2308 2766 plurima
2345 2687 2409 2746 et
2447 2681 2913 2747 formidulosis-

613 2788 775 2851 sima
836 2792 899 2852 et
960 2812 1127 2853 uana
1186 2794 1251 2853 et
1311 2791 1492 2854 irrita
1548 2790 1833 2872 uidebat,
1895 2789 2143 2874 reliquo
2202 2793 2493 2874 tempore
2548 2790 2790 2854 rariora
2848 2795 2913 2853 et

542 2909 572 2956 2
612 2894 827 2959 minus
872 2918 1054 2960 uana.
1148 2918 1293 2960 cum
1332 2896 1689 2961 dedicatam
1729 2897 1796 2960 in
1836 2896 2156 2980 Capitolio
2196 2897 2415 2961 aedem
2454 2896 2732 2961 Tonanti
2769 2895 2911 2960 Ioui

612 3001 863 3065 assidue
909 3000 1366 3087 frequentaret,
1413 3005 1764 3068 somniauit
1810 3004 1991 3087 queri
2041 3002 2476 3087 Capitolinum
2522 3002 2745 3068 Iouem
2783 3003 2911 3067 cul-

610 3107 802 3172 tores'
830 3108 954 3172 sibi
1001 3109 1232 3174 abduci
1280 3132 1473 3194 seque
1519 3111 1925 3194 respondisse
1972 3109 2330 3175 Tonantem
2368 3133 2485 3195 pro
2534 3111 2805 3174 ianitore
2852 3111 2912 3173 ei
2941 3132 2991 3172 25

611 3217 1005 3300 appositum3
1045 3217 1316 3300 ideoque
1355 3240 1504 3281 mox
1543 3218 1997 3282 tintinnabulis
2036 3218 2368 3302 fastigium
2409 3217 2582 3282 aedis
2610 3216 2911 3299 redimiit,

613 3321 787 3404 quod
842 3344 915 3385 ea
978 3322 1111 3387 fere
1177 3325 1384 3387 ianuis
1440 3324 1902 3407 dependebant.
2001 3347 2077 3387 ex
2132 3328 2446 3388 nocturno
2508 3325 2656 3387 uisu
2716 3325 2909 3388 etiam

753 3531 785 3576 4
836 3525 1018 3580 Victor
1057 3527 1205 3580 Caes.
1236 3532 1287 3591 1,
1310 3531 1343 3579 5
1381 3526 1697 3592 doctorum,
1737 3525 1836 3594 qui
1872 3525 2095 3579 abunde
2134 3528 2319 3590 erant,
2358 3526 2909 3593 necessariorumque

610 3604 907 3673 percultor.
1058 3611 1123 3659 10
1161 3606 1236 3660 id.
1268 3611 1318 3671 1,
1340 3611 1373 3659 5
1413 3623 1539 3658 cum
1570 3648 1580 3658 .
1606 3648 1615 3657 .
1641 3648 1651 3659 .
1681 3605 2048 3675 religionibus
2087 3607 2226 3659 mire
2264 3606 2614 3659 attineretur.
2670 3607 2738 3671 cf.
2764 3606 2907 3658 Ein-

609 3685 766 3738 hard.
797 3690 875 3739 26
912 3687 1047 3753 (coll.
1079 3688 1224 3757 Auy.
1258 3690 1329 3740 93
1360 3703 1418 3753 10·
1452 3691 1575 3751 107,
1597 3689 1687 3755 17>

757 3879 782 3925 1
826 3872 990 3926 domo
1033 3873 1186 3939 G¹‚V,
1235 3890 1372 3928 corr.
1415 3872 1495 3927 G³
1656 3879 1687 3926 2
1727 3876 1779 3943 a]
1824 3875 1897 3927 ad
1938 3876 2032 3939 M,
2084 3873 2155 3926 ab
2196 3875 2341 3929 Roth
2386 3876 2518 3942 (non
2561 3889 2595 3925 a
2633 3890 2690 3926 se
2727 3873 2908 3942 primo

610 3970 710 4006 om.
739 3955 811 4022 T)
948 3961 982 4006 4
1020 3953 1201 4007 modis
1232 3954 1490 4007 omnibus
1514 3954 1634 4007 GN
1767 3961 1827 4007 11
1869 3955 2121 4007 infirmus
2154 3954 2205 4007 G
2353 3959 2417 4007 13
2458 3956 2909 4006 concameratum

615 4033 840 4088 GX'I'N
979 4040 1045 4087 16
1084 4034 1326 4103 desegne
1362 4033 1591 4104 legebat
1620 4034 1684 4098 V,
1731 4034 2058 4103 negligebat
2097 4035 2165 4086 de
2205 4051 2261 4087 se
2296 4035 2347 4087 G
2494 4039 2559 4087 18
2599 4035 2685 4086 est
2721 4050 2821 4088 om.
2858 4034 2909 4086 G

613 4120 677 4166 21
719 4117 817 4167 est.
867 4114 987 4183 ipse
1022 4113 1176 4168 Y‘P'
1204 4117 1312 4181 (est
1349 4115 1485 4167 item
1524 4116 1602 4181 ς),
1641 4115 1761 4182 ipse
1800 4115 1851 4167 ei
1894 4116 1968 4168 M
2001 4116 2098 4183 (sic
2133 4132 2201 4169 m.
2237 4121 2263 4166 1
2304 4120 2367 4168 ut
2402 4115 2571 4182 uid),
2607 4114 2728 4182 ipse
2766 4119 2795 4166 e
2840 4113 2908 4178 G,

610 4195 731 4262 ipse
761 4197 818 4247 et
843 4195 906 4260 V,
944 4195 1064 4263 ipse
1095 4194 1274 4249 LP10
1415 4193 1942 4247 formidolosissima
1973 4193 2198 4249 Μ’ῙἹΛΊν
2240 4195 2330 4261 (cf.
2363 4196 2512 4249 Nero
2542 4198 2596 4262 6)
2740 4199 2805 4246 22
2844 4196 2908 4246 ut

610 4289 760 4326 uana
791 4275 984 4328 Modd.
1133 4275 1420 4328 inritanda
1449 4275 1500 4327 V
1640 4280 1707 4327 23
1745 4275 1987 4343 populus
2023 4281 2146 4343 post
2172 4275 2292 4328 Ioui
2320 4276 2498 4344 suppl.
2525 4274 2760 4344 Madvig}
2789 4277 2909 4341 (aut

609 4354 951 4407 scribendum
998 4361 1171 4409 censet
1217 4371 1343 4408 cum
1382 4355 1646 4408 dedicata
1678 4398 1688 4407 .
1723 4398 1732 4407 .
1768 4397 1777 4408 .
1810 4356 1977 4408 aedes
2020 4397 2028 4407 .
2064 4398 2074 4409 .
2109 4398 2118 4408 .
2160 4355 2656 4424 frequentaretur),
2705 4353 2906 4423 uolgus

614 4435 830 4503 Mcimy,
870 4434 1072 4488 ciuitas
1101 4437 1369 4490 Bt'ieheler
1407 4437 1493 4504 (cf.
1535 4437 1650 4489 Dio
1682 4441 1777 4501 54,
1806 4440 1862 4504 4)
2080 4442 2147 4489 24
2185 4436 2608 4503 frequentarent
2647 4434 2904 4489 B.·0rus‚

613 4518 679 4566 26
718 4515 946 4568 redimit
991 4515 1169 4583 (rede-
1201 4518 1278 4585 P)
1299 4515 1462 4570 LPT
1604 4521 1669 4567 27
1711 4516 2068 4584 dependeant
2106 4518 2338 4586 Bentley
