3325 5209
613 382 749 445 354
940 381 996 436 C.
1037 380 1347 435 SVETONI
1384 380 1827 445 TRANQVILLI
1867 378 2319 434 DOMITIANVS
2358 392 2488 440 [cAP.
2520 393 2588 441 23]

618 546 873 610 elocuta
926 550 1049 609 est:
1107 547 1286 609 ἔσται
1333 544 1547 609 πάντα
1590 550 1825 627 καλῶς,
1872 565 1990 609 nec
2036 544 2242 608 defuit
2288 545 2401 627 qui
2449 548 2772 609 ostentum
2819 545 2911 608 sic

616 654 1148 737 interpretaretur
1193 649 1425 734 <FPR
1447 673 1517 734 p.
1533 657 1621 715 37
1622 653 1729 735 O>z

840 799 1083 861 nuper
1147 777 1470 861 Tarpeio
1540 799 1728 860 quae
1795 777 1993 841 sedit
2061 777 2393 841 culmine
2459 776 2731 840 cornix

931 885 1077 948 ‘est
1128 883 1338 947 bene’
1389 905 1536 947 non
1582 885 1842 967 potuit
1890 883 2171 969 dicere,
2218 885 2441 949 dixit:
2491 881 2723 947 ‘erit'.

618 1010 833 1093 ipsum
881 1006 1072 1073 etiam
1111 1007 1554 1073 Domitianum
1601 1009 1819 1073 ferunt
1865 1009 2216 1074 somniasse
2263 1008 2527 1094 gibbam
2574 1007 2700 1071 sibi
2746 1029 2913 1090 pone
2971 1033 2996 1074 5

618 1116 933 1180 ceruicem
993 1137 1246 1180 auream
1311 1118 1592 1198 enatam,
1650 1137 1769 1198 pro
1843 1120 2146 1198 certoque
2205 1115 2508 1179 habuisse
2564 1115 2913 1179 beatiorem

617 1227 769 1307 post
815 1244 881 1286 se
928 1221 1389 1305 laetioremque
1433 1223 1731 1304 portendi
1777 1224 1868 1286 rei
1907 1222 2203 1306 publicae
2251 1226 2514 1304 statum,
2560 1222 2726 1286 sicut
2764 1242 2915 1284 sane

618 1329 802 1394 breui
833 1330 1050 1393 euenit
1078 1329 1466 1392 abstinentia
1496 1333 1559 1393 et
1579 1330 2016 1394 moderatione
2036 1329 2506 1412 insequentium
2530 1328 2914 1412 principum.

765 1528 793 1574 7
833 1523 902 1588 cf.
931 1522 1170 1592 Eutrop.
1210 1522 1366 1577 VIII
1390 1527 1439 1587 1,
1469 1528 1500 1576 1
1540 1522 1743 1576 Vetere
1792 1524 1848 1576 et
1886 1521 2124 1576 Valente
2177 1522 2498 1577 consulibus
2553 1539 2640 1576 res
2686 1520 2920 1590 publica

621 1602 692 1655 ad
722 1602 1158 1671 prosperrimum
1196 1604 1406 1656 statum
1433 1603 1604 1656 rediit
1640 1603 1802 1656 bonis
1829 1603 2181 1672 principibus
2219 1603 2437 1672 ingenti
2466 1601 2740 1656 felicitate
2768 1617 2912 1655 com-

619 1682 808 1736 missa.
882 1681 1205 1735 Domitiano
1245 1681 1411 1749 enim,
1451 1682 1728 1736 exitiabili
1765 1687 2022 1751 tyranno,
2062 1683 2251 1737 Nerua
2288 1683 2554 1736 successit
2590 1699 2694 1751 eqs.
2757 1682 2916 1749 Epit.

622 1768 708 1828 11,
730 1767 800 1816 15
830 1762 967 1830 quid
997 1762 1146 1816 enim
1173 1763 1363 1817 Nerua
1389 1763 1722 1831 prudentius
1752 1766 1850 1817 aut
1877 1764 2222 1817 moderatius
2249 1767 2336 1831 (eae
2374 1764 2508 1818 Vict.
2542 1763 2690 1816 Caes.
2722 1765 2810 1829 12,
2829 1763 2917 1830 1)?

620 1842 759 1910 quid
798 1841 1039 1896 Traiano
1079 1843 1358 1897 diuinius‘?
1398 1843 1534 1912 quid
1572 1844 1950 1912 praestantius
1990 1843 2312 1897 Hadriano?

766 2027 793 2074 1
834 2038 902 2075 ss.
942 2021 1050 2075 erit
1078 2021 1213 2089 (erie
1242 2022 1301 2091 S)
1338 2040 1554 2091 semper
1591 2022 1732 2076 bene
1771 2025 1833 2076 in
1868 2023 2020 2076 LPS
2190 2040 2294 2076 nec
2330 2022 2441 2076 fuit
2464 2024 2515 2078 G
2695 2022 2791 2089 qui
2823 2021 2920 2076 Μ’

620 2116 758 2155 corr.
794 2118 861 2155 ex
889 2101 1057 2169 quod,
1085 2102 1215 2155 inde
1256 2102 1352 2169 qui
1396 2103 1454 2155 id
1483 2103 1792 2157 Salmasius
1954 2102 2035 2156 sic
2063 2121 2164 2158 om.
2201 2105 2251 2158 G
2415 2110 2442 2160 7
2474 2103 2556 2156 rei
2584 2121 2640 2172 p.
2669 2105 2746 2171 (R.
2766 2108 2820 2172 p.
2843 2105 2916 2168 11,

619 2181 702 2235 rei
730 2180 956 2249 publice
977 2183 1066 2250 ρδ)
1094 2184 1303 2235 statum
1328 2185 1426 2249 Τδ,
1454 2200 1639 2236 rerum
1669 2185 1879 2236 statum
1898 2182 2124 2251 publice
2144 2187 2231 2250 M,
2259 2184 2341 2237 rei
2370 2185 2580 2237 statum
2598 2183 2824 2254 publice
2849 2184 2917 2250 G,

621 2262 831 2315 statum
869 2261 951 2314 rei
986 2260 1249 2329 publicae
1287 2264 1349 2331 (r.
1377 2280 1432 2330 p.
1470 2264 1539 2330 Τ)
1568 2267 1627 2316 X

762 2342 964 2395 subscr.
995 2358 1038 2394 c.
1071 2342 1290 2395 suetoni
1308 2344 1434 2412 (—nii
1460 2345 1571 2413 Ρρ)
1599 2343 1893 2413 tranquilli
1923 2344 1991 2398 de
2019 2346 2142 2398 uita
2163 2362 2448 2398 caesarum
2469 2345 2745 2399 domitian
2773 2343 2912 2412 expl.

628 2421 872 2475 feliciter
901 2423 1055 2488 ΜΡρ
1101 2422 1363 2490 (feliciter
1407 2439 1508 2477 om.
1540 2427 1589 2492 ρ)
1673 2441 1718 2477 c.
1757 2425 1997 2478 suetonii
2052 2424 2348 2493 tranquilli
2395 2425 2463 2478 de
2509 2426 2632 2478 uita
2669 2441 2915 2479 cesarum

626 2501 772 2555 liber
804 2502 905 2554 XII
933 2501 1087 2570 exp‘l.
1118 2502 1458 2556 domitianus
1489 2504 1673 2573 explic
1695 2504 1937 2558 feliciter
1965 2506 2073 2575 HQ
2103 2505 2277 2575 (exp‘l'.
2307 2512 2357 2559 et
2375 2505 2616 2558 feliciter
2635 2523 2736 2560 om.
2759 2508 2839 2573 Π)

626 2582 743 2652 gaii
782 2582 1023 2636 suetonii
1058 2582 1351 2650 tranquilli
1391 2584 1458 2637 de
1498 2585 1618 2637 uita
1656 2603 1906 2638 cesarum
1939 2586 2278 2640 domitianus
2316 2586 2480 2639 diuus
2508 2585 2608 2640 lib.
2645 2585 2747 2638 XII
2773 2584 2953 2654 expl.'

626 2661 870 2715 feliciter
897 2662 941 2716 S
1080 2662 1311 2732 explicit
1338 2663 1435 2717 lib.
1465 2663 1583 2717 XII.
1614 2665 1718 2719 deo
1749 2667 1959 2735 gratias
1990 2668 2042 2719 L
2184 2667 2345 2721 nulla
2369 2667 2696 2734 subscriptio
2723 2667 2785 2719 in
2817 2667 2913 2720 G]
