3325 5209
631 386 719 450 60
1337 388 1392 440 G.
1433 385 1747 440 SVETONI
1783 385 2230 450 TRANQVILLI

629 550 844 615 locum
902 541 1280 627 castrorum,
1339 550 1571 632 quibus
1631 548 1844 612 fuerat
1911 570 2064 613 usus
2074 601 2091 634 ,
2156 552 2536 613 exornatum
2590 548 2932 613 naualibus

631 655 859 740 spoliis
904 655 1213 740 Neptuno
1263 677 1337 718 ac
1382 655 1579 720 Marti
1625 657 2044 720 consecrauit.

526 759 615 825 19
809 760 1152 827 Tumultus
1190 761 1462 846 posthac
1501 765 1566 825 et
1602 784 1818 826 rerum
1856 784 2171 827 nouarum
2210 762 2399 826 initia
2436 763 2932 827 coniurationes-

633 889 757 950 que
822 869 1210 952 complures,
1284 869 1462 954 prius
1529 889 1724 951 quam
1799 868 2266 933 inualescerent
2329 868 2566 933 indicio
2633 869 2932 951 detectae,

631 976 1013 1058 compressit
1058 974 1214 1039 alias
1271 976 1398 1039 alio
1446 978 1763 1059 tempore:
1817 974 2046 1058 Lepidi
2090 976 2370 1058 iuuenis,
2426 975 2653 1039 deinde
2698 975 2932 1039 Varro·
2991 1000 3016 1040 ⁵

628 1082 730 1146 nis
776 1081 1081 1146 Murenae
1130 1085 1192 1146 et
1228 1080 1434 1145 Fanni
1474 1079 1846 1165 CaepioniS,
1893 1103 2045 1146 mox
2090 1082 2176 1146 M.
2215 1081 2474 1167 Egnati,
2521 1083 2671 1145 exin
2713 1080 2927 1144 Plauti

629 1187 780 1252 Rufi
827 1188 1114 1271 Lucique
1167 1187 1357 1252 Pauli
1416 1189 1759 1274 progeneri
1807 1190 1934 1272 sui,
1987 1211 2061 1254 ac
2107 1193 2361 1272 praeter
2404 1188 2522 1253 has
2567 1187 2638 1252 L.
2685 1187 2930 1252 Audasi

629 1294 934 1359 falsarum
991 1295 1356 1358 tabularum
1412 1296 1505 1359 rei
1561 1316 1635 1358 ac
1688 1316 1899 1378 neque
1953 1297 2161 1372 aetate
2206 1316 2413 1378 neque
2458 1317 2726 1379 corpore
2770 1297 2931 1359 inte-

630 1402 755 1487 gri,
803 1402 959 1464 item
1005 1399 1191 1465 Asini
1238 1401 1509 1484 Epicadi
1557 1423 1634 1464 ex
1682 1405 1876 1487 gente
1921 1400 2231 1466 Parthina
2278 1401 2549 1487 ibridae,
2601 1403 2681 1466 ad
2727 1407 2928 1466 extre-

629 1531 808 1572 mum
863 1507 1157 1591 Telephi,
1217 1508 1504 1572 mulieris
1561 1509 1731 1572 serui
1785 1508 2350 1573 nomenculatoris.
2440 1532 2592 1573 nam
2649 1530 2728 1572 ne
2782 1509 2929 1572 ulti·
2959 1533 3014 1572 10

629 1637 769 1678 mae
816 1614 1077 1696 quidem
1127 1615 1317 1678 sortis
1363 1614 1703 1679 hominum
1750 1616 2225 1699 conspiratione
2272 1619 2336 1679 et
2381 1616 2665 1699 periculo
2704 1617 2926 1679 caruit.

559 1736 591 1783 2
630 1719 953 1784 Audasius
1002 1725 1195 1803 atque
1230 1720 1557 1804 Epicadus
1604 1720 1835 1786 Iuliam
1884 1723 2085 1786 filiam
2129 1727 2193 1785 et
2231 1722 2590 1807 Agrippam
2624 1726 2927 1805 nepotem

630 1850 709 1892 ex
764 1827 1022 1912 insuliS,
1080 1828 1311 1910 quibus
1368 1828 1891 1912 continebantur,
1945 1851 2167 1913 rapere
2223 1829 2303 1893 ad
2359 1830 2704 1911 exercitus,
2751 1829 2929 1893 Tele-

629 1933 796 2018 phus
846 1935 1028 2018 quasi
1074 1934 1289 1999 debita
1336 1935 1459 1998 sibi
1506 1935 1639 1999 fato
1691 1934 2126 2000 dominatione
2173 1939 2237 1999 et
2282 1937 2494 2020 ipsum
2533 1939 2596 1999 et
2635 1939 2926 2000 senatum
3017 1949 3026 1956 '

629 2041 893 2127 adgredi
949 2042 1359 2106 destinarant.
1454 2044 1610 2125 quin
1677 2043 1868 2105 etiam
1937 2043 2259 2125 quondam
2325 2044 2505 2106 iuxta
2560 2042 2926 2107 cubiculum
2956 2065 3008 2104 η

629 2148 766 2213 eius
825 2148 959 2212 lixa
1025 2149 1283 2231 quidam
1347 2170 1423 2212 ex
1483 2146 1743 2232 Illyrico
1805 2151 2115 2232 exercita,
2180 2149 2561 2213 ianitoribus
2628 2150 2928 2233 deceptis,

628 2258 826 2319 noctu
901 2255 1329 2339 deprehensus
1404 2260 1499 2320 est
1574 2257 1782 2319 cultro
1866 2257 2199 2320 uenatorio
2274 2258 2520 2322 cinctus
2536 2307 2552 2338 ,
2634 2258 2927 2340 imposne

628 2362 862 2426 mentis
920 2385 1000 2425 an
1066 2363 1366 2426 simulata
1421 2362 1742 2426 dementia
1796 2363 2138 2447 incertum3
2201 2364 2367 2427 nihil
2424 2365 2593 2428 enim
2654 2363 2928 2447 exprimi

631 2469 1005 2551 quaestione
1051 2469 1280 2552 potuit.

523 2570 613 2634 20
808 2574 1094 2638 Externa
1156 2574 1328 2639 bella
1384 2575 1508 2638 duo
1575 2575 1838 2638 omnino
1895 2598 2010 2659 per
2073 2598 2140 2638 se
2200 2575 2429 2661 gessit,
2492 2575 2924 2642 Delmaticum
2954 2598 3008 2638 20

630 2681 1001 2746 adulescens
1057 2682 1268 2746 adhuc
1323 2684 1387 2745 et
1442 2680 1729 2746 Antonio
1789 2682 2042 2747 deuicto
2103 2679 2571 2747 Cantabricum.
2672 2682 2927 2747 DeLma-

628 2787 761 2851 tico
818 2789 1012 2851 etiam
1072 2790 1338 2852 uulnera
1405 2790 1682 2872 excepit,
1746 2811 1876 2852 una
1939 2790 2072 2853 acie
2128 2789 2425 2853 dextrum
2489 2812 2659 2875 genu
2714 2790 2927 2874 lapide

629 2894 814 2977 ictus,
861 2894 1060 2958 altera
1107 2900 1171 2959 et
1217 2916 1360 2958 crus
1409 2900 1473 2959 et
1519 2898 1865 2979 utrumque
1911 2895 2247 2960 brachium
2293 2897 2479 2960 ruina
2515 2898 2732 2981 pontis
2780 2918 2925 2961 con·

631 3002 969 3065 sauciatus
1062 3002 1307 3085 reliqua
1361 3026 1476 3086 per
1528 3002 1778 3088 legatos
1837 3003 2335 3085 administrauit,
2395 3008 2469 3067 ut
2522 3007 2738 3067 tamen
2790 3004 2926 3088 qui-

629 3108 898 3171 busdam
965 3107 1352 3172 Pannonicis
1425 3113 1619 3193 atque
1689 3107 2085 3173 Germanicis
2150 3113 2260 3174 aut
2333 3111 2751 3174 interueniret
2813 3114 2926 3174 aut
2955 3131 3007 3171 25

628 3237 761 3279 non
805 3215 999 3301 longe
1046 3216 1314 3300 abesset,
1358 3214 1736 3280 Rauennam
1774 3217 1880 3281 uel
1917 3215 2379 3281 Mediolanium
2416 3219 2523 3281 uel
2558 3216 2924 3301 Aquileiam

523 3315 607 3381 ‘21
630 3343 834 3404 usque
897 3322 975 3386 ab
1041 3323 1200 3386 urbe
1272 3322 1704 3406 progrediens.
1805 3324 2055 3387 domuit
2129 3327 2343 3387 autem
2416 3324 2652 3407 partim
2727 3323 2924 3387 ductu

773 3555 855 3604 20.
889 3557 958 3603 24
1000 3551 1147 3605 Ονοε.
1190 3553 1278 3605 VI
1303 3556 1395 3619 21,
1421 3555 1498 3606 22
1543 3551 1726 3605 multa
1762 3568 1861 3621 per
1899 3568 1957 3605 se
1995 3552 2285 3619 multaque
2322 3568 2423 3621 per
2469 3553 2638 3605 duces
2677 3555 2734 3606 et
2770 3552 2926 3620 lega-

628 3632 716 3683 tos
753 3630 906 3682 bella
943 3632 1133 3699 gessit.
1208 3631 1276 3697 cf.
1317 3633 1594 3685 Einhard.
1628 3637 1676 3686 7.
1709 3636 1794 3686 12.
1830 3637 1897 3686 13

775 3868 804 3915 3
843 3864 1077 3934 posthec
1118 3864 1238 3917 ΗΧ
1376 3869 1408 3914 4
1446 3864 1599 3932 prius
1640 3863 2081 3918 inualescentem
2123 3867 2174 3918 V
2311 3871 2342 3917 5
2381 3864 2523 3917 alias
2566 3865 2778 3931 VLP1,
2815 3864 2925 3918 ita-

627 3942 735 3996 lias
775 3946 859 4010 M,
900 3946 958 3996 et
994 3943 1137 3997 alias
1179 3943 1472 4009 GY‘P20,
1511 3945 1571 3996 at
1608 3943 1751 3997 alias
1790 3946 1825 3996 ὃ
1978 3951 2009 3998 6
2047 3945 2263 4013 genaiti
2302 3947 2398 4012 M,
2437 3960 2582 4014 gena
2622 3946 2683 4011 V,
2730 3946 2925 4015 genati

627 4025 739 4089 rel„
786 4041 922 4078 corr.
962 4041 995 4083 ς
1043 4026 1140 4092 (ecl.
1182 4026 1399 4079 Bonan.
1433 4026 1599 4092 1488)
1748 4024 1894 4076 exim
1931 4026 1967 4077 ὃ
2113 4030 2141 4077 7
2191 4041 2257 4077 ac
2303 4042 2403 4078 om.
2447 4026 2499 4077 V
2635 4029 2667 4076 8
2706 4026 2924 4093 corpori

632 4104 744 4169 M1,
784 4105 1029 4171 corporis
1070 4108 1143 4159 M
1146 4104 1181 4170 ²,
1221 4121 1512 4173 corporum
1551 4108 1586 4158 ὃ
1728 4105 1937 4173 integri
1975 4105 2112 4157 item
2150 4104 2295 4158 asini
2335 4105 2461 4174 (-nii
2492 4106 2563 4174 G)
2598 4103 2800 4172 GL’s,
2838 4105 2925 4157 in-

628 4183 833 4251 tegrite
871 4185 1077 4237 masini
1110 4188 1182 4239 Μ
1188 4185 1221 4252 ¹,
1259 4184 1588 4254 integritate
1626 4185 1832 4238 masini
1863 4187 1938 4239 M
1941 4184 1960 4214 ²
1986 4185 2337 4254 (integritate
2375 4184 2589 4238 strenui
2616 4185 2821 4238 masini
2850 4187 2922 4252 ὃ),

628 4263 837 4330 integri
873 4266 1137 4318 temasini
1175 4266 1376 4334 (them-
1409 4267 1487 4334 Π)
1538 4264 1610 4317 X'
1632 4268 1681 4316 Τ
1713 4267 1768 4334 (a
1806 4266 1868 4318 in
1905 4282 2013 4319 ras.
2054 4267 2126 4332 L)
2274 4271 2303 4318 9
2343 4264 2625 4334 parthyna
2665 4267 2760 4331 M,
2798 4281 2925 4334 par·-

628 4342 783 4396 thica
812 4348 869 4395 X
872 4344 884 4360 ’
1007 4345 1241 4411 ybridae
1272 4346 1456 4414 (hybr-
1488 4348 1553 4412 P,
1592 4344 1746 4398 hibr-
1774 4346 1921 4414 HR)
1951 4347 2002 4396 ,Ω
2124 4351 2189 4399 12
2230 4344 2520 4413 epicadius
2549 4349 2607 4397 Χ
2610 4344 2625 4362 ’
2747 4351 2810 4397 13
2851 4345 2926 4398 ad

628 4425 928 4495 exercitus]
968 4425 1151 4479 adorti
1194 4428 1253 4492 V,
1301 4427 1375 4479 ad
1403 4429 1714 4479 extremum
1750 4424 2018 4479 TP²OT
2039 4425 2127 4492 (cf.
2159 4427 2191 4478 l.
2216 4428 2271 4493 9)
2434 4431 2499 4479 15
2539 4426 2850 4479 destinarat
2881 4427 2934 4480 V

631 4510 695 4557 17
715 4505 951 4574 inopsne
971 4505 1095 4564 12²3
1240 4512 1306 4558 26
1334 4506 1746 4560 mediolaneum
1767 4507 1908 4573 MV,
1939 4523 2097 4557 -num
2133 4507 2224 4559 rel.
2383 4511 2449 4558 27
2488 4506 2562 4559 ad
2589 4505 2784 4558 urbem
2805 4507 2935 4561 MT
