3325 5209
1076 432 1288 487 DIVVS
1327 432 1709 487 AVGVSTVS
1749 444 1879 493 [cAr.
1909 445 2086 494 40—43]
2643 434 2723 498 77

430 598 749 684 grauitate
809 601 1004 679 atque
1065 597 1447 679 constantia,
1507 618 1653 660 cum
1708 597 2044 680 proposito
2099 596 2431 683 congiario
2488 599 2728 662 multos
2777 621 2796 660 ἢ

430 702 857 767 manumissos
912 705 1316 786 insertosque
1361 703 1603 767 ciuium
1648 709 1916 768 'numero
1965 704 2407 788 comperisset,
2463 705 2728 790 negauit

433 815 807 894 accepturos
873 809 1108 893 quibus
1170 810 1559 893 promissum
1628 831 1762 873 non
1824 814 2017 894 esset,
2093 810 2448 893 ceterisque
2512 812 2725 875 minus

434 939 628 1000 quam
667 918 1050 1001 promiserat
1087 917 1279 1000 dedit,
1325 920 1399 980 ut
1437 916 1757 980 destinata
1793 939 2042 981 summa
2079 917 2418 981 sufficeret.
2492 939 2727 1002 magna
2764 932 2798 980 3

377 1048 403 1088 5
432 1046 586 1088 uero
645 1023 969 1107 quondam
1025 1023 1363 1088 sterilitate
1418 1044 1493 1087 ac
1539 1023 1789 1088 difficili
1843 1024 2127 1089 remedio
2185 1045 2331 1088 cum
2377 1024 2725 1088 uenalicias

431 1135 496 1194 et
541 1130 922 1194 lanistarum
967 1131 1247 1195 familias
1290 1131 1796 1216 peregrinosque
1851 1152 2074 1195 omnes
2132 1131 2416 1214 exceptis
2461 1131 2724 1195 medicis

432 1242 496 1302 et
540 1238 1063 1322 praeceptoribus
1118 1239 1480 1321 partimque
1536 1238 1947 1302 seruitiorum
2006 1238 2165 1302 urbe
2219 1237 2597 1321 expulisset,
2651 1241 2726 1301 ut

432 1345 691 1409 tandem
730 1366 984 1408 annona
1020 1344 1368 1428 conualuit,
1414 1345 1782 1428 impetum
1831 1366 1907 1408 se
1954 1345 2525 1428 cepisse'scribit
2568 1345 2727 1408 fru⁴

432 1454 946 1517 mentationes
1006 1450 1356 1535 publicas
1417 1452 1492 1514 in
1550 1454 2003 1535 perpetuum
2064 1451 2457 1534 abolendi,
2527 1452 2726 1533 quod

356 1581 407 1624 ιο
434 1581 684 1622 earum
745 1559 1040 1623 fiducia
1100 1559 1406 1622 cultura
1470 1579 1825 1642 agrorum
1888 1563 2251 1623 cessaret:
2311 1580 2558 1642 neque
2617 1562 2725 1622 ta-

432 1688 601 1730 men
668 1686 1230 1750 perseuerasse‚
1300 1665 1478 1746 quia
1546 1668 1835 1729 certum
1907 1665 2225 1730 haberet
2296 1687 2521 1749 posse
2595 1687 2727 1749 per

433 1771 934 1837 ambitionem
996 1771 1453 1855 quandoque
1521 1772 1854 1834 restitui.
1953 1776 2145 1855 atque
2200 1773 2293 1836 ita
2352 1771 2728 1856 postha[n]c

430 1901 565 1942 rem
610 1880 1012 1963 temperauit,
1066 1882 1141 1941 ut
1192 1899 1326 1941 non
1381 1878 1697 1941 minorem
1755 1882 2079 1942 aratorum
2136 1901 2209 1942 ac
2254 1879 2726 1964 negotiantium

434 2007 624 2068 quam
671 1986 900 2069 populi
944 1985 1261 2049 rationem
1308 1984 1666 2048 deduceret.

352 2113 402 2153 ιε
612 2090 1137 2174 Spectaculorum
1184 2095 1250 2156 et
1286 2091 1657 2154 assiduitate
1683 2095 1762 2154 'et
1797 2093 2107 2155 uarietate
2145 2096 2209 2155 et
2247 2086 2830 2177 magnificentia43

433 2220 651 2263 omnes
700 2199 1060 2263 antecessit.
1142 2198 1424 2263 fecisse
1471 2220 1548 2262 se
1602 2197 1824 2262 ludos
1878 2198 1967 2261 ait
2013 2220 2148 2262 suo
2193 2200 2500 2262 nomine
2549 2220 2725 2282 qua-

430 2309 575 2389 ter,
620 2327 756 2390 pro
797 2307 974 2370 aliis
1011 2305 1629 2390 magistratibus,
1678 2306 1807 2388 qui
1844 2308 1973 2368 aut
2011 2305 2373 2369 abessent
2411 2309 2540 2368 aut
2576 2327 2726 2369 non

431 2413 918 2496 sufficerent,
989 2416 1104 2476 ter
1166 2418 1240 2476 et
1293 2414 1553 2476 uicies.
1645 2412 1925 2495 fecitque
1986 2433 2474 2495 nonnumquam
2531 2412 2724 2476 etiam

428 2521 693 2584 uicatim
741 2541 815 2582 ac
860 2520 1150 2603 pluribus
1198 2520 1442 2583 scaenis
1489 2539 1603 2602 per
1649 2521 1939 2582 omnium
1978 2518 2345 2605 linguarum
2381 2519 2724 2583 histriones

350 2646 403 2687 so
429 2628 484 2708 <.
519 2679 529 2689 .
562 2679 573 2689 .
608 2627 664 2709 .>
724 2647 855 2689 non
913 2627 981 2690 in
1039 2626 1182 2689 foro
1243 2626 1464 2708 modo,
1523 2647 1642 2690 nec
1702 2626 1772 2688 in
1829 2625 2325 2708 amphitheatro,
2386 2625 2496 2689 sed
2547 2629 2612 2689 et
2656 2625 2727 2689 in

430 2734 598 2796 circo
658 2736 721 2794 et
776 2732 844 2794 in
908 2731 1190 2816 Saeptis,
1255 2736 1319 2795 et
1382 2731 1725 2814 aliquando
1781 2732 1948 2795 nihil
2001 2737 2255 2816 praeter
2315 2733 2724 2796 uenationem

431 2839 659 2919 edidit3
724 2838 997 2902 athletas
1055 2861 1313 2921 quoque
1368 2840 1678 2902 extructis
1733 2839 1801 2902 in
1852 2860 2079 2922 campo
2136 2839 2372 2903 Martio
2420 2839 2725 2903 sedilibus

429 2944 691 3028 ligneis3
739 2945 894 3008 item
941 2944 1169 3009 nauale
1215 2945 1531 3028 proelium
1588 2946 1758 3010 circa
1811 2944 2095 3009 Tiberim
2153 2951 2379 3010 cauato
2436 2947 2602 3030 solo,
2659 2948 2727 3009 in

431 3072 561 3133 quo
617 3073 790 3115 nunc
848 3050 1187 3115 Caesarum
1242 3074 1468 3115 nemus
1524 3055 1635 3117 est.
1731 3051 1967 3134 quibus
2023 3052 2248 3116 diebus
2302 3052 2595 3116 custodes
2658 3054 2727 3116 in

349 3177 401 3219 86
428 3158 588 3221 urbe
626 3157 960 3242 disposuit,
1004 3180 1086 3222 ne
1121 3161 1384 3222 raritate
1422 3159 1889 3222 remanentium
1935 3159 2406 3245 grassatoribus
2446 3160 2726 3224 obnoxia

571 3356 603 3403 5
648 3351 797 3406 Oros.
841 3352 963 3404 VII
993 3355 1043 3417 3,
1074 3356 1109 3405 6
1154 3367 1301 3404 anno
1339 3351 1563 3420 imperii
1602 3350 1857 3404 Caesaris
1887 3351 2320 3421 quadragesimo
2350 3356 2551 3406 octauo
2582 3355 2723 3407 adeo

430 3430 553 3484 dira
580 3431 861 3484 Romanos
899 3430 1077 3486 fames
1116 3433 1415 3484 consecuta
1452 3432 1563 3498 est,
1609 3432 1676 3484 ut
1713 3430 1918 3485 Caesar
1952 3429 2287 3485 lanistarum
2324 3431 2572 3487 familias
2609 3449 2722 3486 om-

426 3526 636 3578 nesque
673 3511 1020 3580 peregrinos,
1061 3527 1348 3565 seruorum
1385 3527 1607 3580 quoque
1644 3510 1919 3564 maximas
1958 3513 2167 3580 copias,
2206 3514 2453 3582 exceptis
2489 3513 2724 3566 medicis

428 3593 485 3644 et
520 3592 999 3660 praeceptoribus,
1036 3592 1190 3645 trudi
1226 3592 1365 3645 urbe
1401 3592 1769 3660 praeceperit.

571 3768 598 3813 1
639 3762 951 3829 gratuitate
973 3761 1122 3815 MP¹
1267 3761 1491 3830 pposito
1522 3741 1768 3832 cong-rua,J
1801 3762 1850 3814 V
1882 3763 1980 3832 (sic
2015 3779 2082 3814 m.
2116 3764 2169 3831 1)
2343 3768 2372 3814 3
2413 3762 2724 3831 ceterisque

431 3848 748 3908 corruptum
767 3843 903 3896 dicit
923 3842 1117 3896 Modd.
1271 3848 1303 3894 5
1319 3841 1565 3909 quadam
1589 3846 1648 3909 Y,
1687 3843 1718 3895 i
1737 3843 2021 3912 quondam
2040 3859 2106 3896 88.
2130 3843 2192 3896 in
2211 3843 2267 3896 R
2414 3849 2443 3896 7
2480 3845 2723 3911 partem-

431 3936 541 3987 que
565 3921 725 3974 GTT
865 3926 931 3974 10
970 3925 1215 3975 cessaret
1235 3941 1261 3975 ε
1290 3921 1429 3990 (33.1
1448 3923 1700 3992 cesserit)
1721 3926 1926 3993 aliique
1946 3940 2004 3988 ς,
2034 3926 2278 3977 cesserat
2296 3925 2350 3975 ,Ω
2497 3930 2560 3976 11
2600 3939 2725 3991 per-

433 4003 743 4053 seuerasset
775 3999 919 4055 MX'
1064 4018 1230 4071 posse
1260 4002 1458 4070 (possllz
1491 4004 1551 4068 V,
1589 4020 1689 4057 om.
1713 4006 1785 4072 L)
1808 4007 1884 4070 Ω,
1924 4005 2054 4071 post
2091 4018 2150 4056 se
2188 4020 2221 4062 ς
2259 4003 2398 4072 (edd.
2437 4021 2556 4068 rec„
2596 4004 2725 4057 inde

426 4081 749 4134 restitutum
777 4082 848 4134 iri
870 4084 1126 4152 Madviy)
1247 4088 1311 4134 12
1334 4083 1570 4150 posthac
1603 4084 1758 4153 ῼΙίς,
1795 4085 1924 4153 post
1952 4083 2098 4136 hanc
2124 4084 2218 4137 rel.
2239 4086 2332 4152 (Ω)
2463 4090 2529 4137 14
2559 4084 2726 4138 duce·

430 4162 518 4214 ret
545 4162 851 4229 Stephanus
997 4168 1062 4217 16
1101 4178 1160 4216 se
1189 4178 1289 4216 om.
1324 4163 1383 4229 V,
1415 4170 1542 4231 post
1576 4163 1740 4216 ludos
1777 4165 1935 4218 habet
1961 4167 2024 4217 H
2166 4169 2230 4216 18
2269 4164 2443 4217 etiam
2471 4181 2572 4219 om.
2603 4164 2722 4218 edd.

429 4241 587 4295 Rom.
601 4244 677 4296 II
697 4244 879 4296 Ven.I
889 4243 961 4295 al.
985 4244 1169 4312 (Roth)
1318 4248 1386 4296 20
1421 4243 1740 4315 (munera)
1761 4246 1939 4312 suppl.
1965 4245 2306 4310 Perizonius,
2335 4244 2723 4316 <circensibus

429 4321 579 4375 ludis
615 4322 1084 4391 gladiatoriisque
1119 4323 1443 4377 muneribus
1480 4323 1934 4392 frequentissime
1965 4324 2132 4377 editis
2168 4324 2453 4378 interiecit
2479 4324 2725 4392 plerum-

431 4417 541 4469 que
577 4401 886 4455 bestiarum
915 4402 1310 4456 Africanarum
1337 4403 1714 4476 uenationes>
1753 4406 1900 4459 Roth
1938 4406 2024 4474 (cf.
2059 4407 2215 4458 Mon.
2246 4406 2384 4459 Anc.
2408 4405 2506 4457 IV
2528 4409 2599 4458 39
2612 4421 2722 4473 sqq.

427 4488 477 4535 et
508 4482 701 4536 Claud.
722 4485 816 4552 21)
964 4484 1061 4536 sed
1092 4485 1169 4554 et]
1202 4484 1301 4537 sed
1326 4485 1375 4537 T
1516 4490 1581 4537 21
1614 4484 1762 4538 circo
1793 4485 1851 4538 et
1874 4485 1987 4552 YT,
2017 4485 2164 4538 circo
2192 4487 2283 4540 rel.
2423 4491 2489 4537 22
2529 4484 2725 4537 Edidit

429 4562 675 4617 athletas
713 4579 936 4631 quoque
973 4564 1205 4633 Bentley
1243 4565 1365 4632 (⁰sic
1399 4581 1520 4618 mss.
1552 4565 1949 4634 diste'nyuunt’)
