3325 5209
591 424 717 487 116
1282 419 1338 474 C.
1380 420 1695 475 svnrom
1732 419 2179 485 TRANQVILLI

582 589 825 651 laretur
870 590 935 651 et
980 586 1071 650 ita
1117 586 1185 648 in
1230 585 1428 648 fastos
1476 584 1838 648 referretur.
1920 604 2145 646 uerum
2191 583 2480 647 adhibito
2527 583 2880 647 honoribus

585 693 777 757 modo
826 682 1125 756 bifariam
1170 692 1468 755 laudatus
1517 694 1637 754 est:
1691 712 1808 773 pro
1856 690 2011 754 aede
2057 690 2210 753 Diui
2259 688 2382 753 Iuli
2428 712 2465 753 a
2511 689 2769 754 Tiberio
2818 693 2882 754 et

580 821 702 883 pro
750 800 976 863 rostris
1023 798 1348 862 ueteribus
1398 821 1434 860 a
1470 796 1683 860 Druso
1724 795 1940 860 Tiberi
1987 797 2144 879 filio,
2192 818 2263 860 ac
2302 801 2669 861 senatorum
2708 820 2880 861 ume-

512 922 546 970 4
585 907 674 969 ris
725 899 972 970 delatus
1035 906 1103 968 in
1152 903 1466 988 Campum
1523 908 1982 987 crematusque.
2067 926 2184 967 nec
2231 903 2435 966 defuit
2481 905 2583 967 uir
2627 910 2880 988 praeto-

582 1013 735 1096 rius,
783 1013 897 1095 qui
935 1034 1000 1077 se
1039 1011 1319 1096 effigiem
1360 1011 1622 1075 cremati
1661 1014 1916 1074 euntem
1957 1010 2024 1072 in
2064 1012 2310 1074 caelum
2348 1011 2586 1074 uidisse
2625 1012 2878 1074 iuraret.
2936 1035 2960 1075 5

582 1119 885 1202 reliquias
913 1118 1209 1204 legerunt
1236 1119 1548 1202 primores
1578 1117 1892 1200 equestris
1923 1117 2162 1180 ordinis
2193 1118 2463 1182 tunicati
2491 1122 2556 1182 et
2586 1117 2880 1181 discincti

583 1227 984 1311 pedibusque
1048 1227 1238 1290 nudis
1304 1247 1378 1289 ac
1440 1225 1771 1289 Mausoleo
1833 1226 2269 1289 condiderunt.
2363 1226 2429 1289 id
2485 1246 2647 1308 opus
2716 1225 2880 1288 inter

582 1332 963 1397 Flaminiam
1027 1333 1200 1396 uiam
1262 1334 1598 1416 ripamque
1653 1331 1901 1396 Tiberis
1964 1336 2141 1396 sexto
2205 1354 2320 1395 suo
2383 1332 2719 1397 consulatu
2776 1353 2879 1393 ex-

582 1444 871 1503 truxerat
928 1440 1493 1521 circumiectasque
1542 1439 1738 1502 siluas
1786 1443 1849 1502 et
1905 1439 2373 1502 ambulationes
2420 1438 2489 1501 in
2534 1460 2721 1500 usum
2768 1461 2879 1520 po-

583 1547 723 1631 puli
769 1547 896 1610 iam
945 1550 1084 1610 tum
1131 1547 1504 1630 publicarat.
2907 1570 2958 1609 10

475 1649 602 1717 101
760 1653 1240 1718 Testamentum
1280 1653 1346 1716 L.
1378 1652 1616 1718 Planco
1657 1651 1724 1717 O.
1761 1651 1920 1715 Silio
1964 1674 2134 1717 cons.
2173 1650 2284 1715 ΙΙΙ.
2321 1651 2488 1715 Non.
2527 1650 2801 1734 AprileS,
2834 1669 2937 1707 ιιι-13
2955 1667 3057 1715 p-c-

583 1763 731 1822 ante
788 1782 1026 1824 annum
1089 1764 1152 1824 et
1208 1764 1513 1843 quattuor
1566 1781 1817 1824 menses
1865 1782 2056 1842 quam
2104 1759 2463 1841 decederet,
2509 1759 2749 1822 factum
2798 1758 2877 1820 ab

581 1887 655 1928 eo
707 1887 778 1930 ac
827 1867 1076 1931 duobus
1126 1868 1453 1932 codicibus
1512 1869 1747 1950 partim
1799 1867 2002 1950 ipsius
2049 1868 2285 1949 partim
2330 1867 2708 1930 libertorum
2760 1866 2878 1929 Po-

583 1971 720 2056 lybi
767 1978 831 2038 et
877 1973 1231 2038 Hilarionis
1279 1997 1473 2037 manu
1521 1975 1833 2056 scriptum
1881 1974 2373 2057 depositumque
2421 1973 2593 2056 apud
2639 1994 2707 2036 se
2753 1975 2879 2037 uir-

582 2081 764 2164 gines
812 2080 1104 2145 Vestales
1152 2103 1296 2145 cum
1344 2081 1552 2144 tribus
1602 2081 1868 2165 signatis
1925 2102 2125 2163 aeque
2171 2080 2611 2143 uoluminibus
2659 2085 2877 2164 protu-
2909 2096 2957 2133 15

578 2188 808 2250 lerunt.
914 2210 1075 2270 quae
1142 2189 1357 2252 omnia
1420 2190 1489 2250 in
1554 2191 1778 2251 senatu
1844 2191 2063 2269 aperta
2128 2191 2319 2269 atque
2383 2187 2647 2250 recitata
2713 2192 2875 2250 sunt.

513 2308 544 2354 2
587 2294 850 2359 heredes
907 2295 1190 2357 instituit
1244 2295 1515 2377 primos:
1571 2293 1901 2357 Tiberium
1962 2314 2037 2355 ex
2093 2297 2273 2376 parte
2324 2293 2586 2356 dimidia
2632 2298 2696 2357 et
2744 2314 2876 2354 sex-

579 2403 775 2482 tante,
823 2400 1075 2463 Liuiam
1124 2423 1203 2463 ex
1248 2404 1429 2483 parte
1478 2400 1684 2482 tertia,
1733 2420 1893 2481 quos
1942 2402 2005 2462 et
2052 2400 2215 2462 ferre
2257 2421 2488 2462 nomen
2526 2421 2713 2462 suum
2752 2401 2876 2462 ius-

576 2509 687 2589 sit3
748 2506 1085 2571 secundos:
1144 2506 1427 2569 Drusum
1474 2505 1691 2570 Tiberi
1747 2506 1952 2568 filium
2001 2528 2080 2568 ex
2136 2506 2392 2588 triente,
2454 2528 2530 2570 ex
2586 2506 2874 2588 partibus

579 2613 848 2694 reliquis
898 2611 1346 2677 Germanicum
1393 2612 1758 2697 liberosque
1808 2614 1942 2677 eius
1991 2617 2117 2676 tres
2167 2634 2354 2676 sexus
2402 2612 2635 2697 uirilis3
2684 2613 2874 2677 tertio
2905 2629 2957 2667 20

580 2721 786 2804 gradu
846 2720 1245 2802 propinquos
1312 2721 1678 2802 amicosque
1745 2721 2110 2803 compluris.
2200 2720 2445 2804 legauit
2500 2721 2742 2802 populo
2800 2719 2873 2782 R.

582 2825 1103 2911 quadringenties
1115 2877 1131 2908 ,
1198 2827 1492 2890 tribubus
1557 2828 1775 2890 tricies
1840 2828 2177 2910 quinquies
2245 2827 2635 2910 sestertium,
2700 2850 2876 2910 prae-

578 2934 847 2996 torianis
889 2933 1206 2996 militibus
1247 2933 1502 3019 singula
1535 2934 1719 2997 milia
1747 2955 2174 3015 nummorum,
2214 2932 2586 2997 cohortibus
2615 2934 2875 2998 urbanis

581 3041 968 3125 quingenos,
1023 3040 1367 3125 legionaris
1428 3045 1719 3104 trecenos
1765 3062 2091 3124 nummos3
2154 3062 2345 3123 quam
2408 3061 2721 3103 summam
2785 3063 2876 3103 re-

576 3149 972 3230 praesentari
1029 3148 1245 3231 iussit,
1298 3170 1447 3211 nam
1507 3152 1570 3210 et
1624 3149 2036 3212 confiscatam
2095 3169 2345 3230 semper
2399 3147 2875 3229 repositamque
2905 3156 2957 3196 ²5

509 3265 541 3313 3
580 3254 908 3319 habuerat.
992 3256 1239 3339 reliqua
1283 3255 1496 3340 legata
1542 3256 1717 3318 uarie
1766 3254 1939 3318 dedit
1976 3254 2402 3337 perduxitque
2441 3253 2746 3336 quaedam
2796 3252 2877 3315 ad

578 3361 805 3424 uicena
871 3363 1191 3444 sestertia,
1263 3362 1498 3445 quibus
1565 3362 1890 3426 soluendis
1948 3383 2229 3424 annuum
2287 3362 2456 3425 diem
2519 3361 2717 3443 finiit,
2773 3382 2876 3424 ex-

580 3472 804 3531 cusata
857 3469 951 3532 rei
1005 3468 1340 3532 familiaris
1396 3468 1837 3538 mediocritate
1900 3490 2016 3530 nec
2076 3470 2223 3550 plus
2278 3472 2738 3551 peruenturum
2795 3467 2875 3529 ad

576 3572 841 3638 heredes
891 3595 1042 3636 suos
1093 3594 1286 3656 quam
1343 3573 1553 3636 milies
1601 3577 1666 3637 et
1713 3573 2117 3657 quingenties
2164 3575 2521 3657 professus,
2578 3574 2873 3656 quamuis

719 3790 752 3835 4
792 3784 1027 3850 Eutrop.
1072 3784 1195 3836 VII
1216 3790 1271 3848 8,
1300 3788 1334 3835 4
1379 3784 1589 3835 Romae
1628 3783 1689 3834 in
1728 3799 1924 3851 campo
1964 3782 2168 3835 Martio
2208 3784 2461 3852 sepultus
2501 3787 2610 3851 est,
2650 3784 2739 3836 uir
2777 3784 2874 3851 qui

575 3881 689 3917 non
726 3863 987 3916 inmerito
1028 3880 1094 3915 ex
1134 3865 1377 3916 maxima
1413 3866 1574 3932 parte
1614 3864 1719 3915 deo
1758 3863 1956 3916 similis
1994 3867 2080 3916 est
2115 3865 2364 3933 putatus,

722 4075 747 4120 1
790 4069 962 4123 falsos
997 4070 1047 4122 G
1157 4075 1187 4121 2
1225 4069 1391 4121 modo
1421 4087 1520 4121 om..
1549 4071 1596 4121 Τ
1704 4074 1734 4120 3
1765 4068 1956 4140 (sub)
1986 4068 2272 4122 ueteribus
2304 4070 2587 4139 Egnatius
2695 4075 2727 4120 4
2758 4085 2871 4121 cre—

575 4149 857 4215 matisque
892 4151 968 4213 G,
1027 4151 1415 4216 crematusque
1455 4150 1541 4202 est
1569 4149 1634 4214 S,
1700 4152 1977 4202 crematus
2018 4152 2103 4203 est
2140 4150 2448 4217 Stephanus
2621 4155 2683 4201 11
2726 4148 2873 4217 apri-

572 4229 644 4280 lis
681 4230 837 4282 GXT
995 4237 1058 4282 14
1097 4247 1155 4283 se
1194 4247 1294 4284 om.
1329 4232 1390 4295 V,
1438 4246 1532 4281 sex
1570 4246 1602 4287 ς
1769 4234 1832 4282 17
1875 4232 2129 4282 sextante
2171 4234 2218 4282 Τ
2254 4236 2305 4284 et
2339 4233 2403 4284 in
2438 4248 2610 4299 mary.
2644 4232 2704 4294 V,
2753 4245 2873 4281 sex-

573 4313 692 4362 tam
725 4310 944 4378 MGX'‚
985 4315 1141 4365 sexta
1165 4311 1427 4365 Cuiaeius
1447 4310 1534 4378 (cf.
1559 4311 1675 4363 Tib.
1698 4312 1792 4377 23)
1932 4315 1995 4361 18
2026 4326 2165 4376 quos
2196 4312 2275 4380 et]
2306 4327 2417 4377 quo
2451 4310 2502 4363 G
2640 4315 2703 4361 22
2735 4326 2872 4375 qua-

573 4389 882 4453 drigenties
926 4392 1051 4444 MG
1067 4394 1168 4446 VR
1206 4392 1360 4459 (recte
1394 4393 1446 4460 9)
1620 4389 1924 4442 tribulibus
1965 4391 2195 4458 Lipsius
2365 4391 2639 4457 quinques
2673 4389 2796 4442 MG
2810 4390 2871 4451 V,

573 4472 729 4536 (recte
766 4473 846 4539 9),
905 4472 1154 4538 quinque
1192 4475 1249 4523 X
1402 4477 1467 4523 26
1506 4470 1770 4539 perduxit
1811 4470 1887 4534 G,
1942 4471 2317 4539 produxitque
2358 4473 2454 4529 Πς
2500 4477 2550 4523 et
2593 4471 2704 4535 fere
2750 4468 2869 4521 edd.

573 4555 637 4601 27
681 4550 853 4603 uicies
892 4551 1213 4604 sestertium
1243 4552 1566 4604 Perizonius
1712 4555 1778 4602 28
1817 4550 1944 4618 plus
1982 4568 2082 4604 om.
2118 4551 2169 4604 G
