3325 5209
558 366 686 429 208
1256 363 1313 418 C.
1355 360 1636 416 SVETON
1642 363 1668 414 Ι
1705 361 2150 426 TRANQVILLI

556 528 929 612 fauorisque
976 527 1257 613 collegit,
1304 531 1377 591 ut
1424 547 1570 591 cum
1615 526 1979 609 profectum
2019 547 2163 589 eum
2202 523 2449 590 Ostiam
2485 526 2729 610 perisse
2778 548 2853 590 ex

556 634 808 699 insidiis
871 633 1239 698 nuntiatum
1306 635 1499 716 esset,
1562 654 1800 718 magna
1865 632 2383 697 consternatione
2444 633 2724 716 populus
2792 637 2855 696 et

557 740 829 806 militem
885 739 1068 825 quasi
1121 739 1519 824 proditorem
1577 742 1642 803 et
1698 743 1990 803 senatum
2038 739 2221 823 quasi
2265 739 2650 823 parricidam
2699 739 2854 804 diris

559 846 1073 912 execrationibus
1119 846 1434 910 incessere
1478 867 1611 910 non
1649 849 1798 911 ante
1834 845 2172 929 destiterit,
2219 868 2412 933 quam
2450 867 2617 913 unus
2663 850 2856 929 atque

557 954 720 1018 alter
778 957 842 1017 et
896 975 1048 1017 mox
1102 953 1322 1037 plures
1376 974 1414 1015 a
1469 951 1957 1038 magistratibus
2013 951 2082 1016 in
2138 957 2346 1016 rostra
2391 953 2691 1036 producti
2737 952 2857 1017 sal-
2912 978 2935 1016 5

558 1084 714 1125 uum
762 1064 827 1125 et
874 1060 1391 1144 appropinquare
1437 1059 1908 1123 confirmarent.

452 1163 538 1229 13
735 1167 872 1233 Nec
927 1172 1143 1232 tamen
1199 1187 1424 1249 expers
1485 1164 1864 1229 insidiarum
1918 1187 2122 1250 usque
2179 1188 2430 1255 quaque
2484 1167 2862 1250 permansit,

559 1275 669 1339 sed
716 1278 781 1339 et
826 1297 864 1338 a
910 1273 1181 1360 singulis
1229 1276 1293 1337 et
1338 1293 1455 1356 per
1499 1272 1850 1337 factionem
1898 1276 1962 1335 et
2010 1271 2283 1355 denique
2329 1273 2507 1344 ciuili
2544 1272 2717 1338 bello
2763 1273 2857 1336 in-

558 1382 831 1446 festatus
878 1385 990 1444 est.
1075 1401 1109 1443 e
1155 1379 1342 1464 plebe
1387 1379 1582 1443 homo
1629 1382 1819 1444 nocte
1856 1379 2066 1443 media
2103 1380 2284 1443 iuxta
2322 1379 2691 1444 cubiculum
2721 1381 2855 1443 eius

560 1510 706 1552 cum
770 1486 1057 1573 pugione
1117 1485 1549 1569 deprehensus
1614 1490 1737 1570 est3
1803 1486 2040 1569 reperti
2107 1490 2171 1550 et
2237 1486 2550 1570 equestris
2616 1487 2855 1550 ordinis
2888 1511 2937 1552 ιο

561 1583 703 1659 ᾶιιό
735 1594 803 1658 in
850 1593 1113 1678 publico
1162 1613 1307 1656 cum
1357 1592 1585 1656 dolone
1633 1613 1707 1656 ac
1752 1592 2088 1656 uenatorio
2128 1594 2336 1657 cultro
2374 1593 2857 1676 praestolanteS,

560 1703 723 1765 alter
770 1705 844 1765 ut
890 1721 1218 1786 egressum
1265 1698 1538 1780 theatro²
1586 1700 1752 1763 alter
1797 1702 1871 1762 ut
1908 1699 2375 1763 sacrificantem
2422 1699 2593 1783 apud
2628 1699 2858 1763 Martis

489 1822 519 1867 2
561 1807 779 1872 aedem
827 1807 1216 1870 adoreretur.
1301 1805 1832 1890 conspirauerunt
1880 1809 2094 1869 autem
2143 1806 2223 1870 ad
2259 1828 2359 1869 res
2394 1828 2598 1870 nouas
2638 1805 2858 1871 Gallus

559 1912 825 1978 Asinius
872 1918 937 1977 et
984 1912 1280 1977 Statilius
1321 1911 1655 1999 CoruinuS,
1702 1912 2015 1976 Pollionis
2064 1933 2137 1977 ac
2173 1913 2483 1977 Messalae
2529 1918 2853 1977 oratorum

558 2024 825 2105 nepotes
835 2070 853 2103 ,
915 2019 1259 2104 assumptis
1321 2019 1763 2102 compluribus
1818 2018 2071 2083 libertis
2125 2020 2330 2103 ipsius
2387 2024 2581 2104 atque
2637 2021 2855 2086 seruis
2894 2045 2938 2083 ιε

559 2128 801 2191 bellum
860 2126 1052 2191 ciuile
1096 2127 1305 2191 mouit
1350 2125 1584 2190 Furius
1631 2124 1940 2195 Camillus
1999 2125 2456 2191 Scribonianus
2502 2126 2860 2192 Delmatiae

559 2234 839 2320 legatus3
887 2255 1111 2297 uerum
1158 2233 1327 2297 intra
1375 2233 1674 2316 quintum
1723 2232 1890 2296 diem
1939 2255 2286 2317 oppressus
2334 2237 2430 2298 est
2476 2234 2860 2320 legionibus,

561 2362 724 2423 quae
771 2344 1241 2404 sacramentum
1280 2342 1711 2423 mutauerant,
1759 2339 1824 2402 in
1864 2340 2327 2422 paenitentiam
2366 2340 2679 2427 religione
2716 2361 2860 2404 con-

559 2447 789 2529 uersiS,
856 2450 1199 2529 postquam
1259 2445 1634 2510 denuntiato
1695 2445 1774 2509 ad
1825 2468 2069 2510 nouum
2124 2445 2576 2530 imperatorem
2633 2448 2860 2511 itinere

562 2575 711 2616 casu
768 2553 1046 2635 quodam
1102 2573 1176 2616 ac
1232 2552 1544 2616 diuinitus
1599 2573 1807 2635 neque
1872 2553 2089 2637 aquila
2146 2555 2361 2618 ornari
2415 2575 2622 2637 neque
2678 2554 2859 2639 signa
2891 2578 2939 2615 ρο

563 2659 841 2723 conuelli
888 2659 1265 2742 mouerique
1313 2663 1682 2742 potuerunt.

458 2760 546 2826 14
649 2836 654 2839 ,
744 2763 1133 2830 Consulatus
1189 2789 1382 2849 super
1426 2766 1774 2850 pristinum
1838 2770 2147 2849 quattuor
2200 2768 2427 2852 gessit3
2495 2789 2573 2831 ex
2628 2767 2863 2851 quibus

563 2872 722 2937 duos
767 2874 1010 2955 primos
1057 2873 1344 2956 iunctim,
1391 2873 1719 2956 sequentis
1764 2894 1882 2955 per
1926 2872 2338 2936 interuallum
2377 2878 2607 2956 quarto
2648 2895 2864 2957 quem-

710 3053 773 3101 16
814 3048 971 3116 Epic.
993 3052 1045 3114 4,
1064 3052 1099 3100 4
1138 3046 1535 3101 Scribonianus
1558 3046 1827 3100 Camillus
1858 3047 2009 3100 intra
2028 3046 2344 3101 Dalmatiae
2374 3044 2682 3116 imperator
2710 3064 2860 3101 crea-

562 3131 655 3182 tus
675 3127 940 3181 continuo
969 3127 1259 3181 occiditur.
1318 3128 1466 3181 Oros.
1493 3128 1613 3180 VII
1637 3132 1690 3192 6,
1712 3132 1835 3194 6331.
1860 3127 2133 3180 accidit..
2153 3168 2165 3180 .
2186 3127 2499 3195 praesentis
2529 3127 2749 3197 gratiae
2769 3128 2860 3180 dei
2942 3144 2949 3150 ·

564 3207 777 3278 grande
815 3207 1173 3279 miraculum:
1214 3205 1492 3274 siquidem
1530 3206 1729 3261 Furius
1770 3205 2038 3260 Camillus
2084 3206 2500 3274 Scribonianus,
2539 3206 2862 3260 Dalmatiae

565 3288 804 3358 legatus,
844 3287 1054 3340 bellum
1094 3286 1262 3339 ciuile
1302 3286 1529 3338 molitus
1567 3285 1820 3356 legiones
1857 3287 2064 3340 multas
2099 3286 2546 3355 fortissimasque
2577 3287 2650 3340 ad
2680 3303 2863 3341 sacra-

568 3368 743 3421 menti
789 3367 1162 3420 mutationem
1208 3365 1533 3434 pellexerat.
1602 3366 1796 3433 itaque
1836 3366 1928 3419 die
1975 3366 2137 3426 dato,
2186 3370 2251 3420 ut
2287 3367 2345 3419 in
2391 3385 2566 3420 unum
2611 3367 2864 3436 undique

567 3449 642 3500 ad
678 3465 888 3502 nouum
925 3448 1322 3516 imperatorem
1361 3447 1769 3512 conueniretur‚
1806 3463 1989 3514 neque
2028 3446 2252 3514 aquilae
2291 3447 2478 3500 ornari
2514 3463 2696 3515 neque
2735 3464 2863 3501 con-

566 3527 704 3581 uelli
742 3543 967 3595 quoquo
1004 3527 1171 3580 modo
1210 3528 1373 3595 signa
1419 3527 1708 3580 moueriue
1744 3530 2067 3595 potuerunt.
2135 3527 2411 3580 exercitus
2449 3528 2611 3580 tanta
2651 3530 2707 3580 et
2744 3530 2864 3581 tam

566 3608 840 3661 inusitata
888 3607 1147 3660 miraculi
1183 3606 1293 3660 fide
1330 3609 1515 3659 motus
1568 3609 1625 3659 et
1662 3623 1963 3661 conuersus
2002 3606 2062 3658 in
2098 3607 2508 3675 paenitentiam
2548 3606 2862 3660 Scribonia·
2936 3676 2939 3681 ἦ

566 3706 697 3740 num
738 3686 938 3755 quinta
976 3687 1170 3740 statim
1210 3688 1301 3739 die
1331 3686 1667 3739 destitutum
1696 3686 1984 3741 interfecit
2020 3702 2251 3753 seseque
2281 3689 2629 3740 sacramento
2659 3688 2863 3756 prioris

565 3767 804 3820 militiae
844 3767 1137 3820 continuit.
1196 3769 1283 3836 (cf.
1318 3768 1441 3820 VII
1461 3771 1511 3832 6,
1533 3772 1569 3819 8
1617 3766 1772 3819 istud
1819 3767 1987 3820 ciuile
2025 3767 2237 3820 bellum
2276 3810 2287 3820 .
2321 3810 2331 3819 .
2365 3810 2375 3821 .
2416 3766 2703 3820 diuinitus·
2741 3782 2864 3821 esse

568 3863 942 3916 conpressum.
1019 3849 1143 3901 VII
1162 3852 1215 3913 8,
1242 3851 1299 3915 2)

711 4016 743 4062 4
782 4008 1065 4062 incessent
1095 4009 1181 4073 M,
1219 4025 1319 4061 om.
1344 4007 1414 4071 G,
1451 4006 1735 4060 incessens
1766 4007 1996 4074 Bentley
2164 4011 2195 4059 6
2236 4006 2568 4059 confirmant
2596 4007 2666 4072 L,
2704 4005 2863 4060 festi-

566 4092 769 4144 narent
798 4092 871 4151 Π,
910 4088 1257 4141 affirmarent
1287 4104 1319 4145 ς
1348 4088 1538 4155 (Roth)
1695 4092 1726 4139 8
1765 4086 1864 4139 sed
1902 4089 1960 4138 et
1996 4102 2031 4138 a
2065 4089 2125 4151 Τ,
2164 4088 2353 4139 etaeta
2380 4087 2465 4151 M,
2504 4089 2562 4139 et
2598 4101 2632 4139 a
2674 4087 2786 4140 ΘΧ
2815 4093 2864 4140 ct

566 4173 646 4223 sic
675 4170 905 4239 Bentley
943 4169 1122 4223 delens
1160 4168 1193 4221 l.
1217 4172 1252 4221 9
1280 4170 1367 4220 est
1511 4171 1542 4218 9
1580 4169 1746 4220 nocte
1780 4165 2053 4231 GRL282,
2082 4170 2253 4219 noctu
2287 4165 2525 4234 MHQX
2667 4172 2731 4219 13
2766 4167 2864 4219 ad-

569 4251 819 4302 oreretur
849 4250 985 4319 4ΜΩ,
1023 4247 1236 4301 adorir-
1263 4249 1355 4300 rel.
1396 4246 1640 4315 (adorar-
1671 4246 1773 4313 ΠΙ)
1936 4245 2145 4314 gallius
2177 4248 2250 4299 Μ
2251 4246 2357 4298 GT
2519 4252 2583 4298 14
2620 4246 2863 4315 polionis

572 4329 733 4382 MG&
888 4328 1164 4381 massalae
1198 4329 1271 4380 M
1276 4330 1322 4378 Τ
1346 4330 1503 4394 (corr.
1536 4326 1633 4395 11²)
1781 4331 1848 4379 20
1888 4327 1976 4396 ac]
2018 4343 2090 4378 an
2131 4328 2280 4379 Torr.
2430 4326 2623 4394 aquila
2660 4344 2759 4380 om.
2796 4327 2862 4393 G,

570 4407 796 4475 aquilae
831 4408 980 4462 Oros,
1011 4409 1196 4477 (Roth)
1351 4414 1414 4459 21
1458 4407 1744 4462 moueriue
1778 4407 1925 4461 Oros
2075 4412 2141 4458 22
2179 4405 2417 4475 ingessit
2461 4423 2561 4474 pro
2599 4409 2867 4473 quattuor

571 4492 677 4557 (1111
727 4488 967 4552 RLPT)
1007 4488 1183 4557 gessit
1216 4487 1267 4540 G
1412 4491 1479 4539 23
1519 4486 1630 4539 duo
1662 4489 1735 4540 M
1744 4505 1767 4538 ε
1914 4486 2126 4555 primus
2163 4486 2287 4540 MG
