3325 5209
508 554 597 643 18

542 1427 574 1475 2

621 394 748 458 130
795 369 805 375 ⁵
1313 393 1368 449 c.
1411 393 1727 447 SVETONI
1763 393 2210 459 TRANQVILLI

792 556 1099 620 Proximo
1166 578 1333 621 anno
1406 557 1683 641 repetita
1749 555 2092 621 Germania
2162 578 2307 620 cum
2375 556 2917 621 animaduerteret

616 662 964 729 Varianam
1021 663 1266 727 cladem
1322 664 1686 728 temeritate
1752 667 1818 728 et
1871 663 2283 750 neglegentia
2349 662 2527 729 ducis
2593 663 2913 747 accidisse,

618 769 784 834 nihil
829 792 961 834 non
1010 769 1087 834 de
1133 770 1389 834 consilii
1435 770 1757 834 sententia
1803 770 1963 856 egit3
2009 791 2262 854 semper
2307 769 2465 835 alias
2512 771 2612 834 sui
2658 771 2912 835 arbitrii

612 880 1081 961 contentusque
1137 898 1204 941 se
1259 899 1416 962 un0,
1472 881 1627 942 tunc
1672 881 1940 960 praeter,
1981 877 2507 941 consuetudinem
2555 899 2701 941 cum
2748 899 2914 941 com—

611 982 910 1067 pluribus
957 984 1034 1047 de
1079 984 1329 1048 ratione
1368 984 1524 1048 belli
1562 984 2080 1048 communicauit.
2166 1006 2386 1049 curam
2425 1006 2681 1067 quoque
2719 985 2914 1049 solito
2970 1015 2997 1055 ε,

611 1090 1001 1154 exactiorem
1057 1090 1400 1174 praestitit.
1492 1091 1877 1155 traiecturus
1932 1090 2232 1154 Rhenum
2298 1095 2726 1154 commeatum
2785 1113 2915 1155 om-

606 1218 759 1261 -nem
824 1198 905 1260 ad
969 1201 1208 1261 certam
1273 1197 1618 1261 formulam
1686 1196 2067 1261 adstrictum
2131 1219 2264 1260 non
2327 1201 2476 1261 ante
2540 1197 2914 1275 transmisit,

614 1325 808 1386 quam
856 1304 1211 1368 consistens
1268 1305 1438 1387 apud
1492 1304 1704 1387 ripam
1760 1303 2156 1388 explorasset
2210 1303 2656 1368 uehiculorum
2704 1326 2915 1388 onera,

613 1431 694 1475 ne
733 1432 859 1492 qua
897 1410 1390 1494 deportarentur
1424 1411 1551 1475 nisi
1593 1432 1891 1475 concessa
1928 1414 2040 1474 aut
2075 1410 2448 1474 necessaria.
2532 1415 2709 1475 trans
2748 1409 2914 1482 Rhe-

612 1539 770 1579 num
817 1538 973 1580 uero
1022 1539 1168 1581 eum
1223 1517 1395 1581 uitae
1453 1517 1755 1597 ordinem,
1802 1517 2043 1601 tenuit,
2098 1521 2172 1580 ut
2229 1517 2455 1581 sedens
2510 1517 2579 1580 in
2635 1517 2913 1600 caespite
2943 1549 2998 1588 10

494 1699 501 1703 ,
611 1623 787 1687 nudo
845 1622 1058 1689 cibum
1117 1626 1399 1707 caperet,
1465 1644 1651 1706 saepe
1714 1623 1853 1686 sine
1912 1623 2193 1687 tentorio
2242 1628 2675 1708 pernoctaret,
2736 1644 2910 1706 prae·
3001 1682 3008 1689 .

507 1788 511 1792 ,
613 1734 797 1813 cepta
835 1730 1160 1813 sequentis
1199 1729 1327 1794 diei
1363 1730 1597 1815 omnia,
1636 1734 1701 1795 et
1739 1729 1795 1793 si
1835 1729 1989 1812 quid
2023 1729 2222 1793 subiti
2260 1729 2546 1794 muneris
2578 1729 2911 1816 iniungen-

613 1835 767 1898 dum
824 1840 1018 1921 esset,
1073 1859 1188 1920 per
1247 1836 1504 1901 libellos
1563 1837 1770 1922 daret3
1826 1837 2044 1909 addita
2098 1836 2454 1900 monitione
2500 1838 2602 1914 ut,
2660 1836 2736 1900 de
2783 1857 2911 1919 quo

614 1942 889 2026 quisque
938 1943 1289 2028 dubitaret,
1352 1965 1418 2007 se
1465 1965 1581 2006 nec
1629 1943 1756 2007 alio
1804 1943 2154 2027 interprete
2203 1964 2604 2026 quacumque
2652 1943 2757 2007 uel
2801 1964 2912 2006 no-

505 2047 595 2114 19
613 2049 733 2113 ctis
787 2049 948 2114 hora
1003 2053 1308 2114 uteretur.
1402 2049 1809 2133 disciplinam
1874 2050 2181 2114 acerrime
2246 2050 2461 2133 exegit
2515 2049 2910 2113 animaduer-
2942 2080 2993 2122 1⁵

608 2156 864 2220 sionum
931 2161 995 2223 et
1062 2157 1566 2242 ignominiarum
1632 2157 1977 2240 generibus
2041 2179 2120 2220 ex
2181 2156 2566 2240 antiquitate
2621 2155 2912 2239 repetitis

529 2290 535 2326 ῑ
609 2267 804 2345 atque
851 2263 1047 2327 etiam
1092 2263 1308 2348 legato
1355 2263 1653 2348 legioniS,
1702 2262 1875 2345 quod
1920 2283 2160 2345 paucos
2208 2262 2446 2325 milites
2494 2283 2639 2324 cum
2676 2261 2910 2324 libeito

610 2391 728 2433 suo
785 2374 962 2433 trans
1021 2369 1229 2452 ripam
1283 2374 1590 2433 uenatum
1647 2369 1951 2452 misisset,
1999 2368 2357 2454 ignominia
2404 2371 2644 2431 notatO.
2728 2389 2910 2450 proe-

606 2477 721 2560 lia,
779 2475 1074 2560 quamuis
1130 2475 1472 2539 minimum
1528 2475 1827 2538 fortunae
1886 2473 2268 2578 casibusque
2316 2473 2744 2558 permitteret,
2800 2473 2911 2537 ali-

613 2588 855 2666 quanto
914 2581 1313 2647 constantius
1370 2581 1603 2662 inibat,
1660 2579 1960 2662 quotiens
2015 2579 2395 2643 lucubrante
2451 2601 2517 2642 se
2574 2580 2790 2644 subito
2839 2603 2913 2645 ac
2942 2616 2997 2654 20

611 2690 792 2752 nullo
841 2689 1239 2773 propellente
1285 2687 1605 2752 decideret
1651 2687 1870 2750 lumen
1918 2691 1982 2750 et
2019 2686 2521 2772 extingueretur,
2568 2687 2911 2766 confidens,

611 2801 686 2859 ut
733 2796 970 2881 aiebat,
1026 2799 1277 2859 ostento
1327 2794 1451 2857 sibi
1508 2817 1545 2857 a
1591 2793 1945 2857 maioribus
1979 2793 2133 2857 suis
2181 2793 2250 2856 in
2306 2793 2483 2857 omni
2529 2793 2764 2858 ducatu
2811 2816 2912 2858 ex·

611 2903 999 2986 pertissima
1085 2901 1195 2966 sed
1242 2923 1310 2965 re
1357 2922 1663 2984 prospere
1713 2903 1895 2984 gesta
1949 2922 2079 2963 non
2135 2899 2414 2964 multum
2462 2900 2625 2964 afuit
2672 2901 2829 2983 quin
2876 2923 2913 2964 a

592 3008 925 3074 Bructero
974 3008 1252 3092 quodam
1299 3007 1726 3091 occideretur,
1775 3006 1880 3071 cui
1926 3006 2096 3069 inter
2140 3006 2473 3090 proximos
2520 3007 2804 3071 uersanti
2850 3012 2914 3070 et

612 3114 1039 3199 trepidatione
1098 3114 1347 3179 detecto
1395 3115 1736 3178 tormentis
1785 3134 2087 3197 expressa
2133 3112 2453 3178 confessio
2502 3118 2600 3178 est
2647 3114 2913 3199 cogitati
2943 3149 2995 3187 25

503 3228 595 3295 20
612 3222 932 3286 facinoris.
1034 3244 1070 3284 a
1137 3218 1478 3285 Germania
1541 3221 1608 3283 in
1673 3220 1900 3284 urbem
1963 3224 2112 3303 post
2187 3219 2518 3283 biennium
2583 3212 2912 3306 regressus

612 3329 1033 3412 triumphum,
1071 3350 1262 3411 quem
1299 3328 1654 3409 distulerat,
1699 3327 1833 3412 egit
1871 3325 2413 3410 prosequentibus
2443 3327 2637 3391 etiam
2666 3326 2915 3413 legatiS,

616 3437 848 3519 quibus
896 3434 1311 3518 triumphalia
1359 3438 1732 3498 ornamenta
1787 3435 2174 3516 impetrarat.
2261 3455 2334 3497 ac
2380 3435 2560 3517 prius
2608 3456 2800 3517 quam
2847 3435 2915 3497 in

616 3541 1008 3625 Capitolium
1054 3543 1354 3624 flecteret,
1401 3541 1728 3604 descendit
1774 3564 1807 3603 e
1847 3561 2038 3605 curru
2086 3562 2277 3623 seque
2315 3540 2705 3624 praesidenti
2743 3542 2911 3623 patri

614 3651 694 3713 ad
751 3671 959 3734 genua
1015 3629 1349 3712 summisit.
1440 3648 1753 3711 Batonem
1800 3646 2204 3710 Pannonium
2261 3647 2487 3711 ducem
2540 3648 2912 3732 ingentibus
2942 3682 2999 3720 30

616 3758 925 3820 donatum
962 3756 1262 3839 praemiis
1292 3754 1667 3818 Rauennam
1705 3753 2053 3835 transtulit,
2091 3755 2368 3839 gratiam
2404 3753 2701 3834 referem,
2740 3754 2914 3835 quod

615 3888 682 3928 se
732 3863 1055 3947 quondam
1103 3880 1251 3926 cum
1288 3861 1569 3924 exercitu
1607 3860 1948 3941 iniquitate
1984 3860 2113 3922 loci
2152 3859 2646 3923 circumclusum
2684 3880 2913 3942 passus

757 4064 791 4110 4
827 4060 964 4110 tunc
1002 4073 1101 4108 om.
1137 4054 1187 4107 G
1328 4058 1380 4105 .9
1423 4052 1836 4121 deponerentur
1875 4051 1979 4120 HQ
2017 4053 2178 4119 (pars
2215 4051 2355 4119 edd.)
2519 4058 2580 4105 11
2621 4054 2912 4119 pernocta-

611 4140 700 4192 ret
735 4140 848 4202 TT,
886 4137 985 4188 -rit
1023 4137 1115 4188 rel.
1264 4139 1327 4186 12
1369 4133 1557 4186 omnia
1585 4130 1797 4204 (ipse)
1819 4132 2170 4185 Halbertsma
2307 4136 2374 4183 14
2412 4131 2667 4199 quisquis
2697 4149 2749 4197 ς,
2787 4131 2917 4198 quie

614 4220 703 4271 uel
740 4216 1037 4284 quisquam
1076 4215 1252 4269 Polak
1364 4220 1426 4266 19
1468 4213 1690 4266 casibus
1728 4216 1785 4265 X
1906 4218 1969 4264 21
2013 4212 2070 4265 et
2106 4228 2205 4264 om.
2239 4213 2316 4265 M
2437 4217 2504 4264 22
2545 4212 2601 4282 a]
2641 4228 2707 4265 ac
2746 4215 2781 4265 ὃ
2809 4212 2910 4279 (ed.

629 4299 755 4350 Ve‘n.
782 4315 888 4364 pr„
927 4297 1225 4359 Erasmus,
1261 4295 1434 4363 uuly.)
1470 4294 1598 4360 fort.
1626 4300 1764 4347 recte
1908 4292 2370 4359 expertissummo
2410 4295 2641 4360 (-ssumo
2672 4292 2742 4360 G>
2770 4284 2914 4357 MG,

616 4378 1027 4446 expertisomno
1058 4377 1167 4429 LT
1200 4378 1247 4443 (s
1284 4392 1456 4441 supra
1484 4373 1505 4425 i
1534 4373 1661 4427 add.
1695 4372 1792 4439 L2,
1829 4374 1891 4425 in
1921 4374 1976 4426 P
1998 4370 2194 4425 -ssimo
2223 4373 2286 4424 in
2312 4374 2444 4441 ras.)
2556 4377 2622 4424 23
2662 4371 2719 4440 a]
2750 4386 2815 4423 ac
2845 4372 2920 4424 M

589 4451 682 4511 '26
721 4456 1010 4509 biennium
1050 4454 1188 4520 X'e,
1248 4455 1476 4508 biennio
1518 4456 1591 4507 M
1601 4453 1651 4507 G-
1670 4455 1739 4518 T,
1795 4470 1872 4506 an
1918 4454 2014 4522 leq.
2053 4451 2282 4505 biennio
2329 4451 2498 4520 post?
2553 4451 2626 4517 cf.
2663 4454 2809 4520 Auy.
2842 4454 2915 4503 35

614 4542 682 4590 29
721 4536 1031 4590 inflecteret
1071 4537 1131 4600 V,
1170 4534 1492 4589 deflecteret
1527 4534 1570 4588 S
