3325 5209
645 384 729 448 38
1346 385 1402 439 C.
1443 384 1759 439 SVETONI
1795 384 2240 450 TRANQVILLI

643 547 953 632 Pompeio
999 570 1117 632 pro
1162 546 1459 612 hostibus
1516 570 1584 612 se
1638 548 2011 613 habiturum
2059 550 2170 632 qui
2226 547 2318 612 rei
2365 548 2661 632 publicae
2708 547 2954 612 defuis-

642 658 803 735 sent,
850 655 989 738 ipse
1034 653 1278 719 medios
1326 658 1389 718 et
1433 654 1726 719 neutrius
1763 656 1966 738 partis
2004 677 2266 719 suorum
2306 654 2431 718 sibi
2468 676 2735 718 numero
2771 654 2951 717 futu-

642 781 750 824 ros
804 760 1268 844 pronuntiauit.
1360 762 1597 844 quibus
1654 766 1870 825 autem
1923 785 2000 825 ex
2066 761 2617 826 commendatione
2672 761 2949 844 Pompei

645 866 899 930 ordines
949 866 1225 951 dederat,
1273 871 1655 950 potestatem
1703 868 2076 932 transeundi
2123 867 2204 932 ad
2249 890 2394 932 eum
2434 867 2733 932 omnibus
2770 867 2949 932 fecit.

571 991 602 1036 2
643 974 839 1038 motis
896 973 1067 1058 apud
1120 972 1396 1038 Ilerdam
1462 974 1808 1039 deditionis
1870 975 2385 1058 condicionibuS,
2448 996 2621 1058 cum,
2682 974 2948 1037 assiduo
3015 999 3044 1038 5

644 1082 809 1145 inter
863 1084 1169 1163 utrasque
1222 1084 1438 1165 partes
1494 1104 1613 1145 usu
1662 1087 1855 1165 atque
1904 1083 2316 1165 commerciO,
2360 1080 2669 1145 Afranius
2718 1085 2782 1145 et
2826 1080 2947 1144 Pe-

641 1188 840 1251 treius
906 1187 1330 1272 deprehensos
1405 1188 1575 1252 intra
1639 1192 1852 1253 castra
1922 1188 2208 1253 Iulianos
2275 1187 2488 1252 subita
2552 1187 2949 1271 paenitentia

640 1294 1129 1378 interfecissent,
1176 1295 1518 1359 admissam
1567 1296 1632 1359 in
1681 1317 1749 1359 se
1794 1295 2131 1380 perfidiam
2172 1318 2305 1359 non
2341 1295 2649 1359 sustinuit
2686 1295 2946 1359 imitari.

638 1401 778 1465 acie
823 1400 1195 1465 Pharsalica
1251 1403 1703 1485 proclamauit,
1750 1406 1825 1466 ut
1870 1402 2120 1466 ciuibus
2167 1406 2559 1485 parceretur,
2617 1401 2945 1485 deinceps-

641 1528 767 1590 que
821 1507 1064 1571 nemini
1117 1529 1250 1571 non
1306 1530 1569 1572 suorum
1627 1530 1818 1592 quem
1873 1509 2070 1573 uellet
2125 1531 2325 1572 unum
2382 1508 2585 1592 partis
2642 1508 2944 1573 aduersae
2980 1532 3040 1571 ιο

568 1630 601 1676 3
643 1636 894 1678 seruare
952 1614 1282 1679 concessit.
1373 1637 1488 1678 nec
1542 1616 1662 1678 ulli
1716 1615 1959 1699 perisse
2013 1615 2138 1679 nisi
2197 1616 2266 1678 in
2324 1614 2571 1698 proelio
2626 1617 2942 1699 reperien-

640 1724 766 1804 tur,
813 1722 1097 1804 exceptis
1154 1720 1306 1785 dum
1362 1726 1542 1785 taxat
1588 1721 1860 1786 Afranio
1909 1725 1971 1786 et
2016 1721 2258 1786 Fausto
2317 1726 2380 1785 et
2427 1720 2626 1785 Lucio
2677 1719 2942 1786 Caesare

642 1829 897 1913 iuuene3
954 1849 1027 1892 ac
1080 1851 1163 1892 ne
1218 1828 1337 1893 hos
1396 1828 1652 1911 quidem
1711 1829 2046 1893 uoluntate
2102 1829 2304 1912 ipsius
2361 1830 2782 1911 interemptos
2827 1850 2942 1910 pu-

641 1937 800 2019 tant,
857 1956 1133 2017 quorum
1190 1938 1406 1998 tamen
1461 1939 1526 1999 et
1580 1934 1828 2018 priores
1883 1940 2032 2019 post
2086 1934 2498 2019 impetratam
2544 1934 2801 1999 ueniam
2847 1956 2943 1997 re-

641 2040 1041 2105 bellauerant
1105 2045 1171 2105 et
1232 2041 1465 2106 Caesar
1533 2042 1788 2106 libertis
1850 2042 2182 2126 seruisque
2252 2042 2387 2106 eius
2448 2042 2619 2106 ferro
2682 2044 2747 2105 et
2803 2041 2943 2128 igni
2978 2066 3034 2105 15

641 2148 962 2212 crudelem
1008 2148 1078 2211 in
1122 2148 1388 2212 modum
1436 2149 1676 2213 enectis
1723 2149 1962 2213 bestias
2012 2171 2267 2233 quoque
2315 2148 2396 2212 ad
2441 2170 2675 2212 munus
2717 2148 2943 2232 populi

568 2271 603 2317 4
641 2259 1042 2339 comparatas
1092 2256 1664 2321 contrucidauerat.
1749 2257 2022 2340 denique
2068 2260 2355 2340 tempore
2402 2259 2689 2320 extremo
2746 2256 2942 2319 etiam

640 2363 876 2445 quibus
931 2363 1217 2426 nondum
1276 2364 1616 2450 ignouerat
1672 2364 1921 2428 cunctis
1978 2363 2046 2426 in
2090 2361 2349 2427 Italiam
2395 2362 2602 2426 redire
2647 2362 2943 2446 permisit

639 2470 1185 2555 magistratusque
1231 2475 1295 2533 et
1341 2472 1612 2554 imperia
1659 2492 1909 2555 capere3
1957 2469 2068 2533 sed
2114 2474 2177 2533 et
2225 2473 2470 2534 statuas
2519 2468 2678 2533 Luci
2726 2467 2941 2533 Sullae

641 2579 836 2658 atque
882 2575 1148 2658 Pompei
1198 2600 1234 2640 a
1290 2577 1476 2660 plebe
1533 2578 1830 2641 disiectas
1886 2577 2203 2662 reposuit3
2259 2597 2334 2640 ac
2379 2578 2433 2640 si
2491 2598 2617 2659 qua
2672 2575 2944 2659 posthac
2975 2599 3032 2637 so

641 2687 753 2745 aut
800 2683 1240 2769 cogitarentur
1284 2684 1548 2770 grauius
1598 2684 1904 2748 aduersus
1954 2706 2020 2748 se
2067 2688 2179 2747 aut
2223 2684 2605 2766 dicerentur,
2651 2681 2944 2746 inhibere

570 2801 601 2847 5
641 2789 872 2852 maluit
919 2811 1110 2872 quam
1156 2790 1501 2853 uindicare.
1586 2791 1805 2873 itaque
1852 2795 1917 2854 et
1963 2791 2245 2854 detectas
2285 2790 2757 2854 coniurationes
2798 2809 2942 2852 con-

642 2900 1004 2979 uentusque
1050 2901 1400 2961 nocturnos
1446 2919 1580 2961 non
1625 2898 1798 2987 ultra
1845 2897 2077 2983 arguit,
2126 2919 2319 2980 quam
2364 2900 2440 2960 ut
2478 2896 2687 2960 edicto
2736 2899 2944 2959 osten-

644 3001 821 3065 deret
869 3024 1004 3066 esse
1053 3003 1177 3066 sibi
1222 3008 1438 3088 notas,
1496 3008 1560 3068 et
1606 3004 1832 3068 acerbe
1878 3004 2295 3086 loquentibus
2344 3005 2500 3067 satis
2547 3002 2778 3067 habuit
2821 3024 2941 3087 pro

641 3110 943 3173 contione
1000 3110 1375 3174 denuntiare
1429 3133 1511 3175 ne
1570 3116 2083 3195 perseuerarent,
2141 3110 2421 3193 Aulique
2471 3109 2776 3174 Caecinae
2824 3109 2940 3172 cri·
2973 3132 3030 3170 25

641 3216 1077 3282 mInosissimo
1139 3218 1308 3282 libro
1380 3222 1443 3282 et
1511 3218 1795 3283 Pitholai
1867 3217 2258 3282 carminibus
2319 3216 2942 3281 maledicentissimis

639 3322 986 3388 laceratam
1034 3325 1576 3390 existimationem
1627 3349 1806 3389 suam
1856 3325 2033 3388 ciuili
2081 3325 2295 3389 animo
2343 3324 2514 3388 tulit.

536 3424 575 3488 ’7
585 3425 627 3488 6
818 3430 1257 3518 Praegrauant
1304 3437 1521 3496 tamen
1567 3437 1776 3496 cetera
1831 3432 2001 3496 facta
2048 3431 2345 3514 dictaque
2394 3433 2559 3514 eiuS,
2604 3433 2679 3493 ut
2726 3434 2791 3493 et
2835 3429 2942 3493 ab·

787 3668 939 3713 52—11
966 3664 1223 3732 Polyaen.
1250 3664 1300 3715 V
1296 3664 1406 3715 III
1417 3667 1507 3728 23,
1524 3667 1729 3715 28—30
1750 3663 1809 3732 (ἕ
1823 3666 1897 3714 29
1919 3659 2192 3728 ἀνέκραγε
2217 3659 2506 3727 (φείδεσθε
2526 3668 2635 3713 τῶν
2656 3659 2941 3725 πολιτῶν’,

640 3740 753 3792 cod.
781 3741 839 3793 F
872 3739 1169 3806 φείδεσθαι
1203 3751 1311 3796 τῶν
1341 3741 1651 3811 πολεμίων).
1812 3747 1876 3794 12
1920 3743 1989 3807 cf.
2023 3742 2134 3793 Vir.
2170 3742 2244 3792 ill.
2279 3746 2365 3804 7⁸,
2389 3747 2422 3794 9
2580 3746 2644 3792 19
2677 3740 2941 3808 Polyaen.

655 3821 811 3872 VIII
840 3827 931 3888 23,
962 3827 1028 3875 31
1078 3825 1208 3885 τοὺς
1253 3823 1596 3890 ἀνδριάντας
1634 3821 1937 3890 Πομπηΐου
1984 3822 2081 3874 καὶ
2122 3821 2305 3872 Σύλλα
2355 3829 2465 3873 τῶν
2513 3820 2733 3889 ἐχθρῶν
2772 3840 2943 3872 κατα·

640 3900 954 3971 βληθέντας
992 3903 1101 3955 ὑπὸ
1141 3911 1238 3956 τοῦ
1278 3904 1534 3969 πλήθους
1572 3904 1740 3963 αὐτὸς
1778 3901 2056 3970 ἀνέστησε.

787 4123 817 4166 3
866 4118 1069 4184 quibus
1118 4119 1584 4181 0112.MVLP0,
1641 4115 2056 4169 add 12³P202
2218 4116 2404 4167 autem
2455 4131 2554 4167 om.
2587 4115 2629 4167 S
2788 4120 2820 4166 4
2869 4114 2943 4167 ad

639 4211 770 4247 eum
807 4213 906 4248 om.
960 4198 1011 4249 V
1151 4205 1211 4249 11
1252 4198 1630 4265 reperirentur
1669 4195 1781 4261 1112,
1819 4196 2175 4263 reperiuntur
2213 4194 2278 4246 T‘
2427 4200 2492 4246 14
2528 4192 2945 4247 rebellauerant

641 4277 951 4341 Stephanus
989 4276 1120 4345 (522),
1166 4277 1581 4330 rebellauerunt
1611 4281 1661 4329 Ω
1813 4282 1876 4327 15
1917 4275 2131 4328 caesari
2164 4278 2302 4340 Μδ,
2359 4275 2643 4343 c(a)esaris
2675 4273 2883 4328 ΠΕΟεξ
2897 4276 2947 4327 Τ

648 4360 712 4406 16
750 4355 959 4423 populo
995 4358 1153 4421 Qud„
1191 4357 1481 4424 publicum
1510 4359 1758 4426 Lipsiae,
1796 4357 1896 4408 del.
1929 4357 2161 4425 Bentley
2309 4362 2371 4408 17
2413 4355 2946 4408 contrucidauerant

642 4438 843 4486 (etruc—
875 4439 936 4487 H
943 4449 958 4503 )
989 4439 1050 4488 Π
1058 4438 1394 4506 RP(P²?)S
1410 4440 1458 4491 T
1626 4444 1692 4489 18
1739 4438 1995 4505 permisit
2042 4438 2107 4490 N
2115 4454 2217 4503 ρς,
2279 4437 2613 4505 permiserat
2659 4436 2943 4504 (permiss-

646 4517 807 4580 Mm
954 4523 1017 4568 21
1060 4518 1359 4569 aduersum
1402 4519 1530 4571 GN
1671 4524 1737 4569 24
1776 4518 1912 4570 nota
1962 4519 2078 4571 VH
2085 4519 2138 4571 R
2285 4517 2484 4570 acerbo
2526 4519 2600 4570 M
