3325 5209
1071 1967 1155 2052 O.
1207 1966 1648 2053 SVETONI
1718 1969 2349 2074 TRANQVILLI

900 2122 992 2216 D
1026 2121 1108 2217 E
1202 2122 1363 2218 VI
1393 2123 1589 2218 ΤΑ
1683 2123 1978 2223 ΟΑΕ
2010 2123 2523 2222 SARVM

1521 2313 1741 2367 LIBER
1775 2314 1904 2368 vm

634 2441 999 2523 DIVVS
1053 2442 1503 2524 VESPAS
1518 2440 1872 2525 IANVS
2008 2444 2369 2526 DIVVS
2436 2445 2782 2528 TITVS

1319 2584 2096 2668 DOMITIANVS

1120 2822 1461 2888 DIVVS
1525 2822 2312 2892 VESPASIANVS

474 2962 510 3028 1
740 2955 1116 3022 Rebellione
1181 2958 1378 3020 trium
1442 2958 1809 3042 principum
1870 2960 1933 3023 et
1995 2959 2182 3023 caede
2244 2959 2561 3023 incertum
2623 2961 2733 3024 diu
2793 2965 2857 3024 et

562 3063 745 3146 quasi
791 3086 1029 3149 uagum
1076 3064 1416 3148 imperium
1464 3065 1745 3149 suscepit
1790 3066 2201 3149 firmauitque
2239 3066 2494 3129 tandem
2533 3088 2692 3152 gens
2719 3066 2860 3130 Fla-

560 3171 693 3254 uia,
751 3171 1023 3234 obscura
1078 3171 1190 3234 illa
1246 3170 1502 3253 quidem
1560 3193 1633 3235 ac
1690 3172 1826 3236 sine
1882 3171 2031 3235 ullis
2085 3173 2403 3236 maiorum
2450 3172 2859 3260 imaginibUS,

562 3276 672 3340 sed
717 3280 936 3340 tamen
981 3277 1075 3340 rei
1120 3300 1182 3361 p.
1227 3298 1631 3360 nequaquam
1680 3276 2091 3361 paenitenda,
2139 3282 2392 3342 constet
2437 3278 2590 3342 licet
2636 3279 2857 3343 Domi-

559 3383 811 3447 tianum
858 3382 1231 3468 cupiditatis
1279 3404 1351 3446 ac
1398 3383 1704 3448 saeuitiae
1750 3386 1982 3448 merito
2029 3406 2268 3469 poenas
2314 3384 2529 3449 luisse.

488 3514 520 3561 2
737 3488 807 3552 Τ.
867 3489 1127 3552 Flauius
1181 3488 1402 3572 Petro,
1458 3492 1791 3574 municeps
1838 3490 2167 3575 Reatinus»,
2222 3492 2393 3556 bello
2451 3493 2628 3557 ciuili
2671 3492 2856 3557 Pom-

560 3597 934 3682 peianarum
988 3597 1270 3680 partium
1327 3596 1617 3661 centurio
1676 3619 1758 3661 an
1815 3603 2132 3682 euocatus,
2188 3599 2480 3684 profugit
2535 3621 2615 3662 ex
2659 3598 2857 3663 Phar-

558 3704 753 3768 salica
807 3703 941 3769 acie
996 3702 1385 3787 domumque
1440 3726 1507 3767 se
1562 3706 1856 3789 contulit,
1912 3706 2024 3770 ubi
2080 3705 2306 3771 deinde
2364 3705 2554 3770 uenia
2599 3709 2663 3770 et
2709 3706 2856 3769 mis-

559 3811 740 3874 sione
781 3813 1123 3895 impetrata
1161 3811 1524 3875 coactiones
1562 3813 1961 3898 argentarias
2000 3812 2342 3877 factitauit.
2434 3812 2626 3876 huius
2662 3814 2856 3896 filius,

704 3994 731 4040 1
783 3988 969 4041 Victor
1008 3988 1155 4042 Gaea
1188 3992 1238 4052 9,
1269 3993 1300 4040 1
1338 3986 1721 4055 Vespasianus
1762 4028 1774 4041 .
1799 4029 1810 4040 .
1834 4029 1846 4041 .
1886 4004 2228 4057 exsanguem
2267 3987 2364 4041 diu
2401 3988 2725 4056 fessumque
2762 3990 2852 4057 (cf.

557 4070 690 4124 Sall.
727 4069 841 4124 Cat.
874 4068 966 4136 39)
1011 4069 1283 4120 terrarum
1332 4067 1523 4120 orbem
1567 4067 1729 4120 breui
1774 4067 1973 4121 refecit
2020 4069 2169 4135 (inde
2216 4070 2372 4136 Epit.
2412 4073 2464 4134 9,
2495 4073 2544 4122 5.
2592 4069 2662 4134 cf.
2702 4073 2754 4134 9,
2785 4074 2855 4122 16

557 4151 811 4203 Romana
881 4165 969 4202 res
1032 4146 1264 4216 publica
1339 4147 1637 4217 exsanguis
1705 4146 1945 4201 saeuitia
2010 4150 2414 4218 tyrannorum).
2506 4150 2575 4216 cf.
2629 4149 2780 4217 Vesp.
2818 4153 2855 4202 8

550 4245 610 4296 p.
642 4234 766 4295 314,
796 4235 830 4283 9
994 4235 1023 4280 3
1065 4231 1301 4296 Eutrop.
1343 4229 1467 4281 VII
1486 4233 1573 4293 19,
1599 4233 1628 4281 1
1675 4227 1937 4296 princeps
1976 4227 2212 4282 obscure
2248 4226 2477 4295 quidem
2515 4231 2707 4295 natus,
2754 4229 2855 4283 sed

560 4308 787 4376 optimis
836 4309 1263 4378 comparandus.
1351 4309 1533 4363 Victor
1583 4309 1733 4363 Caes,
1770 4313 1823 4374 8,
1851 4312 1885 4361 4
1932 4326 1986 4361 u.
2027 4308 2102 4362 ad
2138 4326 2200 4376 p.
2240 4312 2363 4374 310,
2394 4313 2427 4362 7
2591 4314 2620 4361 6
2669 4308 2855 4363 Victor

561 4389 711 4442 Caes.
753 4395 807 4454 8,
836 4395 869 4442 4
907 4389 1162 4445 Reatinis
1200 4387 1525 4442 maioribus.

702 4555 733 4603 6
770 4549 1060 4617 petronius
1102 4551 1196 4604 ΤΖ
1348 4555 1377 4602 7
1415 4549 1692 4603 incertum
1731 4551 1931 4617 sponte
1962 4555 2088 4617 post
2125 4547 2376 4602 centurio
2415 4549 2542 4602 add.
2575 4551 2632 4600 X
