3325 5209
587 355 716 418 246
1288 352 1342 406 C.
1384 351 1697 406 SVETONI
1734 353 2180 418 TRANQVILLI

520 535 550 582 3
589 540 663 582 ac
699 522 848 601 post
886 517 1044 582 haec
1081 520 1333 580 tantum
1373 515 1537 579 afuit
1583 538 1620 578 a
1668 518 2051 581 remittendo
2090 517 2492 601 laxandoque
2532 517 2764 599 studio,
2809 520 2883 579 ut

590 623 1062 688 conseruandae
1107 622 1285 685 uocis
1332 623 1542 706 gratia
1586 645 1795 707 neque
1841 623 2081 688 milites
2120 646 2444 707 umquam,
2491 625 2616 687 nisi
2655 624 2880 688 absens

589 734 702 794 aut
733 728 874 792 'alio
922 729 1121 792 uerba
1165 731 1640 813 pronuntiante,
1689 731 2042 814 appellaret
2087 753 2293 814 neque
2333 730 2675 813 quicquam
2717 731 2881 794 serio

588 837 812 900 iocoue
858 836 1093 921 egerit,
1149 836 1273 898 nisi
1331 840 1578 900 astante
1625 836 1980 920 phonasco,
2039 838 2149 921 qui
2197 842 2486 901 moneret
2533 841 2883 922 parceret

589 942 904 1007 arteriis
934 964 1016 1005 ac
1046 942 1439 1006 sudarium
1468 943 1555 1006 ad
1597 965 1676 1007 os
1707 945 2165 1029 applicaret3
2202 945 2552 1027 multisque
2589 944 2696 1007 uel
2733 945 2886 1007 ami-

590 1051 807 1113 citiam
846 1071 1026 1113 suam
1071 1049 1379 1133 optulerit
1415 1050 1522 1113 uel
1560 1051 1956 1114 simultatem
2005 1051 2327 1133 indixerit,
2375 1055 2569 1135 prout
2616 1051 2884 1134 quisque

591 1178 656 1220 se
704 1157 910 1241 magis
958 1157 1296 1240 parciusue
1342 1157 1684 1221 laudasset.

483 1265 573 1331 26
771 1261 1224 1345 Petulantiam,
1270 1262 1623 1347 libidinem,
1659 1263 2001 1348 luxuriam,
2041 1265 2398 1349 auaritiam,
2446 1265 2884 1330 crudelitatem

591 1369 823 1433 sensim
895 1369 1155 1452 quidem
1219 1370 1428 1452 primo
1504 1374 1569 1432 et
1644 1370 1893 1435 occulte
1969 1374 2033 1436 et
2095 1372 2276 1435 uelut
2340 1373 2610 1436 iuuenili
2674 1395 2886 1436 errore

591 1475 901 1557 exercuit,
959 1476 1069 1539 sed
1125 1478 1197 1538 ut
1254 1479 1408 1539 tunc
1465 1498 1721 1560 quoque
1779 1478 2044 1541 dubium
2101 1479 2343 1542 nemini
2398 1480 2567 1543 foret
2621 1484 2888 1544 naturae

590 1582 702 1645 illa
749 1582 929 1665 uitia,
975 1603 1107 1645 non
1155 1583 1383 1645 aetatis
1432 1605 1587 1648 esse.
1662 1588 1811 1667 post
1859 1587 2305 1669 crepusculum
2354 1588 2575 1650 statim
2622 1587 2886 1669 adrepto

592 1688 787 1771 pilleo
847 1690 953 1753 uel
1008 1688 1225 1773 galero
1282 1691 1555 1773 popinas
1611 1692 1816 1754 inibat
1873 1692 2239 1776 circumque
2293 1694 2473 1756 uicos
2532 1692 2890 1778 uagabatur

595 1794 989 1857 ludibundus
1059 1818 1176 1859 nec
1238 1796 1374 1860 sine
1432 1796 1713 1879 pernicie
1774 1801 2015 1880 tamen,
2080 1799 2397 1882 siquidem
2465 1800 2792 1864 redeuntis
2852 1823 2888 1862 a

594 1923 749 1965 cena
794 1902 1129 1965 uerberare
1168 1924 1241 1965 ac
1277 1908 1711 1988 repugnantes
1750 1905 2086 1969 uulnerare
2125 1906 2486 1989 cloacisque
2526 1908 2889 1992 demergere

594 2012 897 2091 assuerat,
945 2009 1243 2073 tabernas
1291 2011 1485 2073 etiam
1534 2011 1871 2095 effringere
1910 2016 1972 2075 et
2010 2014 2318 2098 expilare3
2368 2014 2678 2096 quintana
2716 2014 2889 2077 domi

597 2116 975 2199 constituta,
1031 2116 1143 2180 ubi
1199 2121 1418 2200 partae
1476 2121 1538 2180 et
1586 2118 1666 2180 ad
1722 2118 2145 2183 licitationem
2195 2120 2573 2183 diuidendae
2620 2120 2889 2204 praedae

499 2242 562 2291 '2'
595 2223 873 2305 pretium
923 2222 1381 2287 absumeretur.
1457 2246 1531 2287 ac
1577 2246 1765 2307 saepe
1821 2227 1887 2288 in
1936 2225 2070 2288 eius
2119 2227 2294 2290 modi
2349 2227 2508 2289 rixis
2558 2229 2890 2293 oculorum

594 2332 658 2391 et
705 2329 876 2393 uitae
924 2330 1279 2412 periculum
1338 2330 1521 2414 adiit,
1579 2355 1615 2394 a
1662 2332 1939 2413 quodam
1987 2332 2340 2416 laticlauiO,
2398 2335 2579 2397 cuius
2624 2356 2890 2398 uxorem

596 2435 1082 2519 adtrectauerat,
1120 2458 1320 2520 prope
1360 2437 1438 2500 ad
1476 2459 1696 2502 necem
1735 2460 1971 2502 caesus,
2047 2461 2241 2522 quare
2279 2463 2632 2524 numquam
2668 2446 2894 2526 postea

595 2543 854 2625 publico
915 2565 981 2605 se
1040 2543 1201 2607 illud
1258 2544 1452 2608 horae
1510 2544 1646 2608 sine
1703 2545 1983 2608 tribunis
2033 2547 2357 2611 commisit
2412 2550 2636 2631 procul
2683 2553 2746 2612 et
2795 2570 2893 2613 oc-

597 2651 766 2714 culte
824 2650 1379 2733 subsequentibus
1465 2651 1742 2715 interdiu
1801 2673 2056 2734 quoque
2112 2652 2276 2716 clam
2333 2657 2681 2737 gestatoria
2739 2656 2895 2720 sella

599 2758 847 2821 delatus
895 2757 964 2820 in
1010 2757 1337 2820 theatrum
1385 2758 1812 2822 seditionibus
1860 2759 2406 2842 pantomimorum
2456 2783 2489 2823 e
2526 2766 2706 2844 parte
2753 2786 2895 2846 pro-

599 2865 809 2928 scaeni
854 2864 1200 2947 superiore
1257 2863 1526 2948 signifer
1582 2865 1776 2928 simul
1833 2888 1907 2929 ac
1964 2870 2289 2949 spectator
2336 2869 2577 2954 aderat3
2638 2874 2702 2933 et
2749 2891 2894 2933 cum

598 2971 678 3034 ad
739 2993 965 3033 manus
1027 2974 1292 3036 uentum
1357 2976 1525 3034 esset
1586 2971 2040 3055 lapidibusque
2097 2976 2160 3035 et
2217 2973 2672 3039 subselliorum
2726 2975 2896 3060 frag-

597 3077 880 3142 minibus
934 3079 1403 3163 decerneretur,
1459 3078 1666 3140 multa
1714 3083 1777 3141 et
1833 3079 1971 3162 ipse
2018 3080 2166 3142 iecit
2224 3080 2290 3143 in
2346 3083 2658 3162 populum
2705 3085 2897 3165 atque
2928 3105 2951 3142 2

493 3185 579 3251 27
601 3186 794 3249 etiam
841 3186 1155 3268 praetoris
1196 3189 1386 3268 caput
1433 3185 1889 3248 consauciauit.
1964 3186 2275 3267 paulatim
2313 3208 2466 3249 uero
2507 3187 2894 3251 inualescen-

744 3402 774 3448 8
820 3398 968 3451 Oros.
1002 3399 1116 3451 VII
1147 3400 1196 3461 7,
1218 3401 1247 3449 1
1287 3395 1663 3464 petulantiam
1701 3395 1995 3448 libidinem
2042 3396 2322 3449 luxuriam
2365 3397 2666 3449 auaritiam
2705 3397 2898 3450 crude-

601 3477 822 3530 litatem
868 3476 1022 3529 nullo
1061 3493 1170 3528 non
1220 3475 1426 3529 scelere
1475 3476 1738 3528 exercuit.
1925 3482 1985 3528 11
2011 3493 2129 3544 sqq.
2165 3477 2234 3542 cf.
2269 3479 2498 3545 Capitol.
2532 3478 2649 3530 Ver.
2681 3481 2733 3542 4,
2758 3482 2794 3530 6
2840 3477 2899 3528 in

600 3559 823 3610 tantum
854 3557 1117 3610 uitiorum
1149 3556 1488 3609 Gaianorum
1519 3557 1606 3623 (cf.
1639 3557 1754 3610 Gal.
1788 3559 1875 3623 11)
1907 3558 1963 3609 et
1990 3556 2436 3610 Neronianorum
2474 3574 2539 3610 ac
2567 3557 2900 3611 Vitelliano-

600 3656 725 3690 rum
753 3636 927 3690 fuisse
957 3636 1255 3701 aemulum,
1293 3639 1358 3688 ut
1394 3637 1700 3704 uagaretur
1737 3639 1900 3689 nocte
1934 3652 2035 3705 per
2071 3637 2335 3690 tabernas
2366 3654 2431 3690 ac
2468 3637 2765 3706 lupanaria
2803 3637 2899 3691 ob-

600 3720 750 3769 tecto
791 3717 976 3784 capite
1016 3716 1327 3769 cucullione
1364 3714 1589 3783 uulgari
1627 3716 1868 3769 uiatorio
1912 3719 1968 3769 et
2006 3718 2370 3771 comisaretur
2407 3736 2533 3771 cum
2571 3718 2899 3789 triconibus‚

603 3798 978 3851 committeret
1004 3797 1171 3862 rixas,
1201 3795 1560 3849 dissimulans
1591 3795 1717 3863 quis
1748 3798 1910 3864 esset,
1941 3813 2218 3865 saepeque
2248 3798 2517 3851 efflictum
2545 3798 2725 3851 liuida
2755 3799 2900 3852 facie

600 3878 812 3931 redisse
852 3880 908 3931 et
945 3878 1004 3929 in
1042 3876 1289 3929 tabernis
1329 3875 1602 3945 agnitum,
1642 3893 1768 3928 cum
1807 3893 1926 3929 sese
1965 3876 2345 3931 absconderet.

748 4099 778 4145 3
821 4090 1124 4162 appellarit
1153 4091 1382 4157 Bentley
1554 4096 1584 4141 4
1624 4088 1820 4141 locoue
1853 4092 1927 4143 M
2091 4092 2369 4160 parceret]
2409 4107 2534 4144 eum
2574 4106 2803 4158 parcere
2841 4091 2911 4143 H

604 4181 636 4227 8
674 4174 946 4226 luxoriem
977 4174 1062 4238 M,
1091 4172 1296 4224 -uriem
1332 4172 1381 4224 Τ
1483 4175 1512 4221 9
1544 4169 1764 4222 feruore
1795 4170 2010 4223 exeruit
2039 4172 2270 4239 Bentley
2382 4175 2447 4222 10
2476 4169 2563 4241 ut]
2595 4172 2651 4223 et
2682 4170 2904 4224 MGRa

595 4259 671 4306 12
712 4252 924 4318 galerio
957 4253 1223 4307 MLPOa
1363 4255 1425 4301 15
1464 4249 1789 4302 tabernulas
1818 4251 1927 4320 HQ
2065 4255 2128 4302 16
2169 4252 2225 4302 et
2263 4250 2633 4303 allicitatione
2671 4251 2730 4303 in
2763 4251 2814 4304 G

604 4332 997 4385 diuendendae
1034 4333 1184 4387 Torr.
1300 4337 1362 4383 17
1396 4331 1782 4383 adsumeretur
1810 4332 1961 4397 (ass-)
1986 4332 2115 4388 Πὸς
2225 4335 2291 4381 20
2322 4347 2355 4382 a
2384 4330 2613 4399 publico
2638 4328 2904 4384 MGH²R

606 4415 662 4480 (a
699 4414 761 4464 in
794 4413 844 4466 R
872 4415 1076 4481 erasa),
1114 4411 1342 4481 publice
1372 4410 1520 4463 L¹S¹
1667 4414 1732 4460 24
1770 4426 1971 4461 munus
2001 4409 2136 4478 H¹Q
2173 4415 2223 4463 et
2258 4413 2336 4463 sic
2367 4428 2472 4477 pro
2509 4427 2564 4463 u.
2595 4411 2628 4463 l.
2659 4427 2728 4465 ss,
2759 4412 2821 4464 in
2850 4411 2904 4464 R

606 4497 673 4544 23
715 4493 881 4545 simul
920 4495 1240 4560 aspectator
1271 4494 1355 4554 M,
1397 4508 1434 4543 s.
1469 4491 1728 4558 aspector
1761 4492 1796 4542 ὃ
1940 4494 2005 4541 ‘25
2044 4489 2179 4543 iecit
2217 4492 2274 4543 et
2311 4490 2432 4559 ipse
2466 4490 2517 4543 G

2921 1506 2974 1543 10

2921 2039 2973 2076 15

2923 2572 2977 2609 20
