3325 5209
539 2824 577 2888 1

540 3678 583 3740 10

1121 2088 1204 2171 O.
1273 2084 1714 2171 SVETONI
1780 2083 2415 2187 TRANQVILLI

1002 2259 1193 2353 DE
1270 2258 1625 2352 VITA
1726 2255 2000 2351 CAE
2031 2255 2536 2353 SARVM

1615 2465 1830 2517 LIBER
1867 2465 1917 2517 II

1245 2613 1322 2693 D
1340 2612 1601 2692 IVVS
1659 2611 2049 2693 AVGVS
2069 2614 2134 2691 Τ
2148 2613 2279 2693 VS

795 2821 1065 2885 Gentem
1110 2820 1443 2886 Octauiam
1483 2822 1752 2886 Velitris
1799 2823 2207 2905 praecipuam
2257 2822 2414 2886 olim
2459 2822 2660 2887 fuisse
2707 2824 2913 2887 multa

615 2929 955 2993 declarant.
1046 2950 1195 2992 nam
1252 2935 1315 2993 et
1371 2931 1551 2992 uicus
1617 2929 2030 2992 celeberrima
2086 2933 2268 3011 parte
2325 2930 2544 3014 oppidi
2601 2931 2729 2993 iam
2784 2930 2910 3015 pri-

615 3036 756 3099 dem
806 3034 1111 3099 Octauius
1167 3036 1519 3100 uocabatur
1575 3042 1638 3100 et
1695 3036 2151 3099 ostendebatur
2206 3058 2316 3099 ara
2372 3034 2641 3100 Octauio
2698 3058 2912 3100 conse-

615 3148 814 3224 crata,
874 3143 988 3226 qui
1034 3143 1206 3206 bello
1255 3143 1383 3206 dux
1429 3143 1737 3225 finitimo,
1794 3164 1939 3206 cum
1985 3142 2153 3206 forte
2199 3142 2394 3206 Marti
2443 3165 2578 3206 rem
2626 3143 2911 3207 diuinam

612 3250 878 3333 faceret,
951 3249 1246 3314 nuntiata
1310 3255 1570 3332 repente
1633 3250 1840 3313 hostis
1914 3250 2276 3313 incursione
2343 3250 2698 3313 semicruda
2764 3253 2912 3313 exta
2968 3276 2993 3314 5

613 3362 797 3441 rapta
843 3356 989 3421 foco
1027 3358 1352 3441 prosecuit
1399 3360 1592 3439 atque
1632 3356 1722 3419 ita
1761 3356 2078 3439 proelium
2120 3356 2442 3442 ingressus
2479 3357 2690 3420 uictor
2727 3357 2910 3421 redit.

614 3465 940 3528 decretum
980 3464 1172 3527 etiam
1211 3463 1543 3546 publicum
1584 3462 1865 3544 extabat,
1915 3484 2044 3545 quo
2086 3464 2448 3547 canebatur,
2486 3469 2559 3527 ut
2599 3464 2666 3527 in
2703 3468 2911 3547 poste-

614 3594 757 3633 rum
809 3594 1068 3653 quoque
1117 3571 1314 3633 simili
1358 3570 1549 3633 modo
1598 3574 1746 3633 exta
1784 3569 1978 3633 Marti
2016 3570 2430 3633 redderentur
2467 3571 2909 3653 reliquiaeque

616 3677 695 3738 ad
755 3674 1058 3740 Octauios
1120 3678 1526 3740 referrentur.
1620 3699 1695 3739 ea
1754 3698 1910 3760 gens
1973 3700 2008 3738 a
2068 3676 2420 3759 Tarquinio
2478 3676 2698 3741 Prisco
2759 3699 2909 3763 rege

614 3783 782 3845 inter
845 3784 1124 3847 minores
1184 3785 1397 3869 gentis
1456 3784 1702 3847 adlecta
1763 3785 1827 3846 in
1887 3790 2203 3867 senatum,
2264 3805 2415 3847 mox
2478 3807 2515 3847 a
2573 3782 2911 3869 Seru[il]io
2940 3809 2991 3848 ιο

760 4053 785 4098 1
829 4047 1068 4099 uelitriis
1114 4049 1237 4114 (litt.
1274 4048 1598 4116 grandibus)
1632 4050 1706 4100 M
1716 4048 1840 4112 GV,
1889 4048 1985 4101 —tri
2021 4049 2089 4116 Q,
2138 4049 2323 4116 -trisq;
2365 4048 2408 4101 S
2550 4053 2579 4098 2
2630 4049 2687 4099 et
2725 4046 2905 4117 uicus]

613 4141 679 4176 ex
718 4126 882 4178 huius
917 4128 967 4180 G
1114 4133 1143 4178 3
1184 4144 1280 4179 ora-
1324 4129 1391 4193 G,
1431 4143 1528 4179 ara
1567 4127 1728 4198 (ab)
1764 4130 1996 4194 Gujetzes
2139 4135 2171 4179 4
2212 4146 2338 4181 cum
2375 4146 2475 4181 om.
2508 4128 2559 4179 V
2698 4127 2832 4180 forti
2865 4127 2917 4178 V

615 4211 645 4257 6
685 4205 802 4257 foro
852 4210 933 4270 Π,
991 4225 1064 4259 cm
1115 4207 1230 4278 <e>
1279 4207 1442 4260 foco?
1498 4209 1564 4272 cf.
1619 4210 1721 4261 Vit.
1757 4213 1824 4260 13
1969 4208 2137 4260 rediit
2188 4209 2365 4261 GYT
2508 4213 2573 4259 10
2621 4207 2770 4259 inter
2805 4206 2904 4258 mi-

612 4302 772 4337 nores
813 4303 844 4343 ς
885 4287 1250 4354 (Sabellicus),
1315 4288 1642 4340 intel-minos
1687 4289 1895 4355 JIVQ,
1953 4289 2268 4340 interminis
2312 4292 2387 4350 X,
2453 4288 2602 4340 inter
2645 4303 2905 4339 romanos

612 4366 789 4430 111R,
844 4366 991 4418 inter
1027 4383 1286 4419 romanas
1325 4368 1407 4419 11²
1454 4375 1501 4421 et
1549 4385 1579 4426 ς
1620 4369 1878 4435 plurimi,
1938 4368 2084 4421 inter
2121 4369 2332 4436 primas
2375 4369 2477 4437 G„
2503 4368 2651 4421 inter
2688 4370 2905 4420 conter-

610 4447 792 4498 minas
836 4448 919 4499 uel
946 4446 1262 4499 Veliternas
1292 4449 1523 4515 Bentley
1686 4448 1870 4516 gentis
1905 4449 2026 4516 QX,
2074 4452 2268 4516 gentes
2308 4452 2391 4518 (gs
2430 4451 2564 4517 HR)
2590 4449 2714 4501 MG
2729 4448 2905 4511 VHR,

612 4527 868 4593 gentium
899 4543 949 4590 ς,
987 4545 1085 4579 om.
1120 4548 1149 4592 ρ
1298 4528 1522 4579 seruilio
1563 4531 1639 4593 Ω,
1689 4546 1822 4582 corr.
1866 4546 1897 4586 ς
1936 4530 2035 4595 (ccl.
2078 4531 2232 4582 Rom.
2275 4531 2369 4597 II)
