3325 5209
1033 447 1251 501 DIVVS
1290 448 1672 504 AVGVSTVS
1714 461 1843 510 [cAP.
1876 462 2051 510 21—25]
2608 451 2694 514 63

385 632 555 673 nuos
600 632 853 674 menses
903 610 1103 674 barba
1149 612 1512 695 capilloque
1561 612 1905 677 summisso
1952 617 2144 696 caput
2181 612 2503 676 interdum
2545 612 2696 676 fori-

386 717 512 780 bus
569 716 849 781 illideret
903 717 1294 782 uociferans:
1362 717 1700 794 Quintili
1747 718 1968 803 Vare,
2036 720 2385 805 legiones
2442 718 2692 783 redde!

391 823 688 905 diemque
737 823 935 889 cladis
984 827 1331 907 quotannis
1379 828 1695 889 maestum
1740 825 2042 890 habuerit
2089 847 2161 889 ac
2207 825 2566 911 lugubrem.

570 928 648 993 In
701 953 770 994 re
826 930 1095 994 militari
1151 935 1216 995 et
1272 933 1701 995 commutauit
1756 934 1962 995 multa
2026 934 2090 995 et
2147 932 2435 996 instituit
2499 936 2693 1015 atque
2710 931 2799 997 24

330 1062 357 1101 5
390 1038 584 1099 etiam
645 1035 727 1098 ad
781 1038 1120 1120 antiquum
1178 1059 1422 1101 morem
1478 1038 1792 1101 nonnulla
1848 1040 2197 1101 reuocauit.
2289 1038 2692 1121 disciplinam

392 1145 795 1207 seuerissime
840 1145 1024 1208 rexit.
1087 1166 1166 1209 ne
1202 1145 1566 1229 legatorum
1605 1144 1862 1227 quidem
1901 1145 2219 1227 cuiquam,
2264 1146 2390 1207 nisi
2428 1148 2693 1230 grauate

389 1248 807 1332 hibernisque
874 1249 1127 1314 demum
1191 1252 1545 1335 mensibus,
1610 1252 1902 1333 permisit
1968 1272 2232 1315 uxorem
2298 1252 2690 1315 interuisere.

392 1357 674 1438 equitem
741 1355 846 1441 R,
922 1356 1096 1439 quod
1170 1357 1419 1422 duobus
1493 1359 1644 1422 filiis
1731 1357 2246 1422 adulescentibus
2330 1379 2521 1421 causa
2594 1358 2695 1421 de-

391 1464 711 1526 trectandi
758 1465 1140 1527 sacramenti
1185 1465 1452 1548 poHices
1501 1468 1916 1549 amputasset,
1964 1466 2177 1548 ipsum
2218 1464 2511 1547 bonaque
2550 1464 2696 1528 sub-

310 1594 365 1632 10
395 1568 548 1632 iecit
587 1569 835 1655 hastae3
884 1593 1075 1653 quem
1112 1575 1348 1656 tamen,
1395 1571 1568 1655 quod
1605 1571 1916 1636 inminere
1953 1573 2266 1655 emptioni
2312 1570 2693 1655 publicanos

394 1675 673 1759 uidebat,
720 1676 954 1741 liberto
1005 1700 1122 1742 suo
1173 1678 1435 1763 addixit,
1482 1683 1555 1742 ut
1602 1678 1958 1763 relegatum
1996 1680 2062 1741 in
2102 1700 2293 1764 agros
2331 1701 2448 1762 pro
2488 1677 2693 1742 libero

397 1803 534 1845 esse
590 1783 843 1848 sineret.
936 1783 1247 1849 decimam
1300 1786 1620 1870 legionem
1679 1784 2120 1849 contumacius
2170 1789 2502 1868 parentem
2549 1806 2695 1847 cum
2733 1802 2763 1850 2

395 1889 751 1973 ignominia
816 1894 1021 1955 totam
1088 1892 1361 1976 dimisit,
1436 1894 1591 1955 item
1656 1891 1815 1955 alias
1883 1891 2258 1955 immodeste
2323 1891 2694 1955 missionem

393 1994 797 2077 postulantes
854 1996 1013 2061 citra
1070 1999 1406 2062 commoda
1461 1999 1875 2063 emeritorum
1921 1997 2348 2082 praemiorum
2398 2001 2694 2062 exaucto-

311 2126 365 2167 ιε
396 2102 583 2164 rauit.
679 2103 1006 2188 cohortes,
1072 2106 1126 2167 si
1193 2126 1354 2187 quae
1411 2105 1750 2169 cessissent
1813 2106 1986 2190 locO,
2052 2105 2397 2169 decimatas
2454 2103 2694 2166 hordeo

394 2208 592 2289 pauit.
677 2210 1083 2275 centuriones
1142 2213 1421 2275 statione
1478 2212 1754 2295 deserta,
1817 2211 2040 2276 itidem
2104 2214 2178 2274 ut
2244 2209 2696 2293 manipulareS,

396 2314 658 2395 capitali
715 2316 1269 2384 animaduersione
1315 2315 1554 2402 puniit,
1608 2340 1729 2403 pro
1778 2322 1989 2382 cetero
2038 2317 2413 2381 delictorum
2463 2337 2696 2401 genere

394 2422 595 2484 uariis
642 2423 993 2508 ignominis
1032 2425 1286 2508 adfecit,
1333 2428 1408 2488 ut
1447 2429 1619 2488 stare
1655 2446 1771 2507 per
1806 2428 2019 2488 totum
2059 2423 2223 2487 diem
2263 2422 2510 2487 iuberet
2548 2425 2696 2485 ante

395 2529 819 2615 praetorium,
883 2531 1206 2595 interdum
1263 2533 1586 2596 tunicatos
1645 2533 2147 2614 discinctosque,
2209 2551 2694 2612 nonnumquam

315 2659 370 2698 πο
401 2656 547 2697 cum
613 2636 1038 2722 decempedis,
1111 2638 1219 2702 uel
1280 2640 1474 2702 etiam
1540 2640 1973 2722 c<a>espitem
2037 2640 2390 2721 portantes
2489 2657 2695 2719 neque
2713 2636 2799 2700 25

396 2746 547 2824 post
595 2741 763 2807 bella
810 2744 1025 2809 ciuilia
1073 2749 1185 2810 aut
1231 2745 1299 2808 in
1356 2745 1657 2809 contione
1705 2749 1816 2809 aut
1870 2767 1985 2828 per
2030 2743 2312 2808 edictum
2367 2742 2535 2806 ullos
2582 2743 2699 2805 mi-

396 2849 585 2913 litum
653 2852 1122 2916 commilitones
1159 2852 1581 2935 appellabat,
1656 2851 1768 2915 sed
1830 2851 2097 2933 milites,
2163 2873 2235 2914 ac
2297 2871 2378 2913 ne
2444 2873 2481 2914 a
2544 2850 2696 2912 filiis

400 2956 657 3039 quidem
714 2961 825 3021 aut
880 2958 1199 3044 priuignis
1258 2960 1388 3022 suis
1453 2958 1725 3041 imperio
1784 2956 2089 3042 praeditis
2147 2955 2333 3019 aliter
2388 2956 2697 3039 appellari

397 3084 630 3144 passus
685 3068 809 3148 est,
866 3063 1274 3128 ambitiosius
1330 3065 1397 3127 id
1451 3063 1854 3148 existimanS,
1912 3085 2105 3146 quam
2160 3066 2272 3125 aut
2317 3061 2485 3125 ratio
2532 3061 2700 3124 mili-

316 3188 371 3230 25
400 3171 559 3232 taris
616 3173 728 3232 aut
787 3174 1151 3255 temporum
1208 3170 1390 3253 quies
1446 3174 1558 3233 aut
1615 3192 1730 3234 sua
1787 3168 2141 3252 domusque
2198 3190 2348 3232 suae
2394 3167 2697 3230 maiestas

547 3404 611 3451 15
654 3400 917 3469 Polyaen.
961 3401 1119 3454 VIII
1137 3404 1228 3465 24,
1256 3405 1305 3452 1.
1334 3403 1371 3452 2
1420 3398 1703 3468 Σεβαστὸς
1737 3398 1870 3458 τοὺς
1909 3398 1968 3451 ἐν
2004 3406 2128 3458 ταῖς
2173 3396 2377 3467 μάχαις
2413 3399 2696 3464 καθυφιε-

401 3475 601 3545 μένους
648 3479 748 3533 οὐκ
796 3478 993 3550 ἀνῄρει
1038 3477 1280 3543 πάντας,
1338 3475 1457 3532 ἀλλ’
1492 3477 1835 3533 ἐδεκάτευεν.
1921 3477 2204 3546 Σεβαστὸς
2257 3485 2375 3536 τοῖς
2429 3474 2528 3529 διὰ
2582 3477 2697 3528 δει-

401 3555 529 3611 λίαν
575 3558 1010 3628 ἀπολιπομένοις
1056 3558 1264 3626 κριθὰς
1320 3559 1444 3612 ἀντὶ
1490 3567 1687 3626 πυρῶν
1744 3557 1957 3613 ἐκέλευε
2015 3560 2356 3625 μετρεῖσθαι.
2507 3561 2571 3608 18
2619 3557 2695 3609 id,

412 3639 571 3691 VIII
597 3643 696 3705 24,
727 3643 761 3692 3
806 3640 936 3702 τοὺς
982 3640 1073 3693 ἐπὶ
1120 3636 1498 3704 στρατοπέδου
1544 3659 1598 3692 τι
1644 3637 1997 3707 ἁμαρτόντας
2047 3635 2479 3707 (διαμαρτόντας
2525 3638 2697 3706 uulq.)

403 3715 648 3772 ἐκέλευσε
685 3718 794 3787 πρὸ
823 3727 921 3773 τοῦ
953 3716 1312 3787 στρατηγείου
1341 3720 1672 3782 λυσιζώνους
1701 3717 1944 3783 ἑστάναι,
1985 3718 2097 3771 ἔστι
2125 3716 2187 3770 δὲ
2218 3715 2307 3770 ὅτε
2337 3718 2434 3771 καὶ
2462 3720 2698 3770 πλινθο-

407 3807 607 3866 φορεῖν
646 3795 730 3853 δι’
767 3795 894 3867 ὅλης
929 3797 1152 3867 ἡμέρας.
1301 3804 1368 3850 20
1390 3816 1509 3866 sqq.
1550 3799 1706 3866 Epit.
1739 3804 1788 3864 1,
1819 3802 1889 3851 14
1938 3797 2206 3850 auunculi
2243 3813 2466 3865 quoque
2502 3796 2699 3849 inuen-

403 3881 523 3931 tum
561 3878 923 3932 uehementer
951 3879 1244 3949 arguebat,
1283 3877 1382 3944 qui
1408 3876 1618 3931 milites
1649 3877 2060 3931 commilitones
2091 3919 2101 3932 .
2127 3920 2137 3930 .
2163 3920 2173 3932 .
2207 3877 2501 3946 appellans
2532 3877 2695 3946 (Suet.

403 3959 510 4011 Iul.
543 3960 652 4027 67),
691 3958 825 4009 dum
863 3958 1093 4011 affectat
1131 3958 1312 4011 carior
1348 3958 1485 4025 fieri,
1526 3957 1924 4010 auctoritatem
1962 3956 2232 4026 principis
2272 3956 2641 4010 emolliuerat.

548 4176 579 4223 6
617 4170 847 4238 quidem
884 4187 983 4224 om.
1018 4171 1114 4223 M1
1256 4173 1496 4241 granato
1531 4172 1639 4224 GT
1779 4176 1807 4222 7
1849 4170 2076 4223 domum
2107 4172 2182 4223 M
2332 4175 2397 4221 10
2436 4134 2698 4222 inmiiiire

404 4253 461 4318 (u
488 4268 554 4303 m.
575 4254 632 4317 2)
656 4253 730 4304 M
776 4253 908 4319 (uox
949 4252 1140 4304 iuncta
1180 4252 1467 4319 sequenti),
1505 4249 1798 4304 imminere
1842 4253 1950 4319 (uel
1982 4253 2108 4320 im-)
2137 4251 2230 4304 rel.
2414 4248 2698 4319 emptione

407 4332 479 4383 M
487 4332 585 4383 VL
595 4330 722 4385 1³8¹
849 4335 912 4381 12
944 4347 1070 4383 cum
1103 4347 1203 4384 om.
1228 4333 1302 4384 M
1303 4333 1353 4385 G
1366 4332 1522 4384 VLP
1538 4332 1686 4399 (add.
1709 4330 1886 4396 L³P²,
1923 4332 2084 4384 habet
2103 4330 2207 4399 N),
2232 4330 2502 4383 audacius
2529 4331 2701 4395 fuerit

403 4408 714 4478 ignominia
750 4412 1005 4463 notatam
1020 4453 1031 4475 ,
1079 4409 1387 4479 ignominie
1425 4412 1607 4462 tutam
1655 4412 1943 4478 temptauit
1978 4416 2243 4465 corrector
2280 4412 2315 4462 ὃ
2352 4410 2440 4478 (cf.
2476 4410 2591 4464 Cal.
2608 4412 2698 4477 44)

407 4494 472 4542 14
507 4489 883 4559 praemiorum
912 4507 1011 4545 om.
1039 4491 1084 4560 Q
1111 4493 1312 4560 <Tm-r.)
1469 4496 1532 4542 17
1575 4489 1906 4543 delictorum
1936 4508 2036 4543 om.
2066 4493 2114 4542 Τ
2263 4495 2330 4542 22
2370 4488 2700 4558 appellabat

407 4569 707 4636 HRP28T,
724 4570 978 4639 appellat
990 4572 1065 4625 M
1066 4572 1116 4624 G
1130 4570 1421 4640 VLP¹Q3‚
1438 4569 1753 4640 appellauit
1772 4571 2000 4624 Salmas.
2080 4575 2146 4622 23
2169 4569 2315 4622 alter
2327 4573 2402 4624 M
2406 4569 2440 4637 ¹,
2461 4569 2701 4638 om.H¹Q
