3325 5209
1120 412 1337 465 DIVVS
1374 412 1612 467 IVLIVS
1652 425 1783 475 [cAP.
1816 425 2002 475 60—-661'
2621 417 2706 481 33

405 573 528 637 bus
584 575 807 638 eodem
862 574 1462 660 praecipitantibUS,
1531 596 1678 640 cum
1734 577 2053 641 desilisset
2107 578 2177 641 in
2231 601 2434 663 mare,
2490 581 2703 644 nando

404 703 521 763 per
567 673 877 745 ducentos
922 703 1149 765 passus
1196 682 1403 745 euasit
1450 682 1531 746 ad
1577 683 1937 766 proximam
1984 706 2243 768 nauem,
2291 685 2457 750 elata
2502 687 2705 770 laeua,

403 810 485 850 ne
532 787 738 851 libelli
788 810 948 871 quos
995 788 1258 853 tenebat
1311 785 1750 874 madefierent,
1806 790 2331 873 paludamentum
2379 794 2702 857 mordicus

401 893 684 978 trahenS,
730 917 811 958 ne
858 894 1066 980 spolio
1114 898 1447 978 poteretur
1482 894 1707 960 hostis,

342 1028 370 1067 5
581 1000 856 1065 Militem
888 995 1111 1084 'neque
1159 1025 1195 1064 a
1243 1003 1529 1068 moribus
1573 998 1782 1087 neque
1827 1026 1865 1067 a
1910 1004 2173 1068 fortuna
2208 1005 2542 1089 probabat,
2591 1008 2805 1076 sed65

400 1112 655 1171 tantum
705 1132 742 1172 a
787 1108 1035 1173 uiribus
1081 1110 1523 1192 tractabatque
1570 1109 1710 1193 pari
1761 1112 2100 1174 seueritate
2138 1115 2330 1194 atque
2368 1113 2701 1198 indulgen-

400 1205 514 1278 tia.
588 1237 720 1278 non
766 1216 937 1278 enim
985 1214 1223 1298 ubique
1270 1238 1345 1281 ac
1391 1239 1660 1299 semper,
1711 1217 1816 1279 sed
1869 1239 2014 1281 cum
2051 1216 2258 1281 hostis
2297 1219 2366 1281 in
2402 1221 2701 1303 proximo

400 1326 587 1403 esset,
635 1321 990 1386 coercebat:
1039 1326 1178 1385 tum
1225 1324 1503 1386 maxime
1551 1327 1812 1387 exactor
1849 1325 2269 1409 grauissimus
2310 1325 2702 1410 disciplinae,

398 1433 474 1491 ut
521 1450 726 1511 neque
782 1428 1030 1491 itineris
1087 1449 1291 1510 neque
1346 1428 1578 1512 proelii
1636 1434 1891 1512 tempus
1948 1430 2379 1515 denuntiaret,
2436 1434 2545 1497 sed
2591 1456 2700 1516 pa·

312 1562 370 1601 10
400 1540 614 1600 ratum
663 1540 728 1598 et
772 1537 1091 1600 intentum
1139 1536 1486 1600 momentis
1534 1536 1835 1601 omnibus
1884 1558 2012 1619 quo
2052 1539 2250 1601 uellet
2288 1537 2505 1603 subito
2554 1525 2698 1603 edu-

399 1647 589 1706 ceret.
664 1644 837 1725 quod
894 1644 1086 1706 etiam
1144 1642 1280 1705 sine
1338 1664 1529 1707 causa
1584 1645 1965 1726 plerumque
2010 1642 2315 1729 faciebat,
2361 1646 2700 1729 praecipue

397 1750 641 1833 pluuiis
697 1754 761 1813 et
816 1748 997 1813 festis
1059 1749 1298 1813 diebus.
1383 1772 1458 1814 ac
1514 1749 1784 1813 subinde
1841 1750 2313 1815 obseruandum
2370 1774 2438 1815 se
2486 1752 2702 1817 admo-

395 1879 553 1920 nens
599 1860 859 1938 repente
905 1856 1185 1920 interdiu
1232 1857 1337 1920 uel
1382 1860 1574 1922 nocte
1620 1856 2065 1941 subtrahebat,
2113 1858 2515 1943 augebatque
2562 1861 2701 1942 iter,

394 1966 469 2025 ut
527 1964 727 2027 serius
786 1962 1234 2045 subsequentis
1291 1962 1689 2049 defetigaret.
1772 1962 1944 2027 fama
2000 1986 2153 2027 uero
2208 1964 2543 2029 hostilium
2599 1970 2805 2034 ‹zo-66

309 2095 364 2135 ιε
394 2070 650 2153 piarum
697 2070 1070 2152 perterritos
1116 2091 1248 2133 non
1295 2070 1588 2154 negando
1629 2069 2075 2153 minuendoue,
2124 2071 2235 2133 sed
2273 2071 2535 2154 insuper
2572 2094 2699 2136 am·

391 2176 739 2259 plificando
788 2176 1318 2259 ementiendoque
1368 2176 1806 2240 confirmabat.
1892 2177 2112 2259 itaque
2152 2198 2297 2240 cum
2336 2178 2698 2261 expectatio

392 2283 708 2347 aduentus
753 2282 951 2346 Iubae
998 2283 1307 2347 terribilis
1355 2288 1537 2368 esset,
1586 2284 1959 2347 conuocatis
1998 2285 2078 2346 ad
2117 2285 2481 2347 contionem
2535 2284 2700 2348 mili-

391 2389 598 2453 tibus:
647 2390 957 2473 scitote,
1003 2391 1232 2473 inquit,
1280 2392 1779 2473 paucissimis
1816 2390 1936 2453 his
1976 2390 2246 2454 diebus
2282 2413 2533 2475 regem
2574 2392 2695 2453 ad-

389 2496 737 2559 futurum
811 2517 973 2560 cum
1049 2496 1298 2560 decem
1362 2496 1835 2581 legionibus,
1912 2497 2254 2579 equitum
2328 2496 2688 2583 triginta,

303 2633 359 2672 20
387 2603 591 2667 leuis
629 2608 1056 2667 armaturae
1096 2606 1399 2667 centum
1437 2603 1781 2686 milibus,
1828 2604 2268 2687 elephantis
2303 2605 2695 2671 trecentis,

386 2710 711 2793 proinde
759 2709 1113 2773 desinant
1160 2710 1468 2792 quidam
1517 2731 1888 2791 quaerere
1942 2710 2148 2774 ultra
2204 2714 2335 2773 aut
2383 2710 2695 2794 opinari

386 2816 761 2900 mihique,
809 2817 935 2899 qui
984 2821 1456 2900 compertum
1505 2815 1775 2900 habeo,
1825 2818 2163 2902 credant3
2213 2817 2694 2900 aut'quidem

385 2924 929 2987 uetustissima
1001 2945 1193 3016 naue
1269 2922 1681 3006 impositos
1760 2945 2235 3007 quocumque
2307 2927 2541 2987 uento
2618 2923 2694 2986 in

387 3052 905 3112 quascumque
952 3034 1200 3093 terras
1246 3030 1526 3094 iubebo
1575 3031 1816 3094 auehi.

531 3318 692 3379 8sqq.
752 3314 1015 3381 Polyaen.
1058 3313 1217 3364 VIII
1243 3316 1334 3378 23,
1365 3316 1437 3364 17
1492 3321 1608 3373 τοῖς
1663 3313 2026 3379 στρατιώταις
2080 3313 2171 3366 ἀεὶ
2226 3311 2687 3378 παρεσκευάσθαι

382 3390 761 3458 προσέτασσεν
800 3393 874 3455 ὡς
910 3392 1005 3445 καὶ
1046 3394 1105 3445 ἐν
1146 3392 1306 3462 ἑορτῇ
1346 3392 1441 3445 καὶ
1482 3391 1541 3445 ἐν
1581 3391 1767 3464 ὄμβρῳ
1805 3394 1900 3446 καὶ
1948 3393 2148 3453 νυκτὸς
2186 3393 2282 3445 καὶ
2319 3391 2526 3461 ἡμέρας
2563 3389 2684 3461 μέλ-

385 3476 500 3527 λων
538 3471 755 3540 ἐξάγειν
793 3472 958 3540 ἄφνω
995 3471 1097 3541 τὴν
1136 3472 1403 3540 δύναμιν·
1444 3472 1542 3525 καὶ
1579 3473 1677 3527 διὰ
1714 3481 1878 3526 τοῦτο
1919 3472 2046 3526 οὔτε
2073 3473 2171 3526 τὸν
2201 3473 2401 3539 καιρὸν
2432 3471 2559 3526 οὔτε
2587 3471 2689 3539 τὴν

386 3550 602 3620 ἡμέραν
642 3551 955 3622 προέλεγεν.
1105 3557 1170 3624 13
1210 3551 1284 3604 id.
1316 3554 1472 3607 VIII
1490 3557 1674 3618 23,18
1713 3552 1815 3615 τὰς
1854 3551 2085 3618 ἐξόδους
2127 3554 2367 3607 ἐποιεῖτο
2415 3553 2516 3605 σὺν
2559 3555 2688 3605 πολ-

385 3638 464 3704 λῷ
502 3630 707 3704 δρόμῳ,
749 3631 842 3685 ἵνα
881 3632 954 3701 μὴ
991 3631 1477 3702 καταλαμβάνοιτο
1513 3633 1653 3699 πρὸς
1679 3642 1791 3687 τῶν
1822 3632 2232 3699 ὑστεριζόντων.
2383 3638 2447 3685 14
2461 3649 2581 3699 sqq.
2613 3632 2688 3684 id.

397 3714 549 3767 VIII
583 3718 685 3779 23,
716 3718 785 3766 19
842 3713 891 3766 εἰ
941 3713 1430 3782 τεθορυβημένους
1482 3712 1626 3778 ἑώρα
1677 3714 1809 3773 τοὺς
1861 3714 2198 3779 στρατιώτας
2245 3713 2319 3773 ὡς
2363 3715 2690 3779 προσδοκωτ

383 3790 556 3861 μένης
590 3802 709 3855 τοῖς
744 3790 1030 3859 πολεμίοις
1066 3791 1316 3860 μείζονος
1352 3792 1661 3860 δυνάμεως,
1702 3794 1769 3846 οὐ
1810 3790 1985 3861 μόνον
2027 3792 2257 3859 ἔξαρνος
2294 3793 2397 3846 οὐκ
2435 3787 2522 3861 ἦν,
2562 3789 2683 3844 ἀλλ’

385 3873 468 3927 ἔτι
519 3874 616 3926 καὶ
664 3870 900 3926 πλείονα
953 3871 1122 3942 ὄγκον
1160 3874 1486 3940 προστιθεὶς
1532 3874 1627 3926 καὶ
1677 3873 2002 3942 μεγαλύνων
2052 3872 2368 3941 ἐθάρρυνεν
2418 3873 2490 3933 ὡς
2546 3873 2687 3939 πρὸς

384 3949 650 4014 πλείονας
694 3952 796 4021 χρὴ
849 3950 1243 4022 γενναιότερον
1301 3950 1697 4021 ἀγωνίζεσθαι.

532 4226 558 4271 1
601 4218 850 4272 dedisset
878 4219 1017 4273 P¹O
1047 4220 1194 4288 (inde
1232 4219 1480 4273 dedisset
1518 4235 1577 4272 se
1620 4220 1780 4284 Oud„
1828 4218 2131 4271 decidisset
2161 4220 2397 4287 Modd.),
2432 4237 2506 4271 an
2547 4218 2691 4272 desi-

385 4299 713 4370 l<u>isset.9
856 4300 1001 4352 mari
1045 4300 1095 4354 G
1239 4306 1269 4352 2
1309 4300 1502 4352 nauim
1545 4300 1595 4353 G
1742 4297 1965 4352 eleuata
2004 4300 2073 4364 L,
2112 4298 2261 4352 eleta
2304 4299 2376 4368 ΩΙ
2520 4305 2554 4351 4
2591 4315 2693 4367 po-

385 4382 601 4432 teretur
622 4381 697 4433 M
703 4379 735 4445 ¹,
772 4380 946 4448 potir-
966 4382 1058 4433 rel.
1089 4386 1139 4433 et
1159 4383 1234 4434 M
1236 4380 1324 4433 2Ν
1463 4386 1493 4432 5
1532 4380 1760 4444 fortuna
1784 4381 1858 4432 M
1872 4381 2107 4447 (puncta
2135 4397 2204 4433 m.
2225 4382 2297 4448 2),
2329 4378 2510 4432 forma
2539 4380 2690 4432 Torr.

385 4461 574 4528 (Roth)
731 4464 762 4511 8
803 4462 1068 4512 exauctor
1107 4462 1216 4514 VT
1249 4469 1406 4520 (corr.
1453 4459 1544 4530 Q2)
1703 4465 1766 4512 13
1806 4463 1970 4512 nocte
2009 4459 2153 4529 <se>
2194 4460 2340 4514 Roth
2501 4464 2566 4511 14
2607 4475 2689 4510 se-

384 4542 622 4608 quentes
665 4541 716 4593 G
861 4539 1205 4608 defatigaret
1242 4539 1377 4593 LY'
1528 4546 1594 4592 22
1635 4537 1898 4606 equidem
1939 4539 2172 4592 Casaub.

494 4640 764 4679 Svmomvs
795 4640 863 4678 ed.
890 4641 1020 4679 Ihm.
1078 4640 1114 4678 I.
2233 4632 2262 4678 3
