3325 5209
1237 405 1585 461 -TIBERIVS
1626 417 1758 467 [οη.
1787 417 1964 465 44-48]
2627 404 2755 468 145

450 570 716 653 theatri,
772 569 1150 654 imperfecta
1205 568 1364 653 post'
1415 573 1515 633 tot
1570 591 1772 633 annos
1818 567 2082 651 reliquit
2130 606 2199 614 -
2262 590 2468 652 neque
2515 571 2759 651 specta-

347 677 350 681 ’
460 677 603 741 cula
659 676 921 740 omnino
980 676 1206 762 edidit3
1272 681 1335 740 et
1381 677 1489 761 iis,
1546 698 1708 761 quae
1755 676 1835 742 ab
1884 676 2101 760 aliquo
2150 675 2515 758 ederentur,
2572 675 2761 738 raris-

460 783 619 849 sime
685 783 1009 868 interfuit,
1072 805 1152 847 ne
1219 783 1376 867 quid
1431 786 1911 867 exposceretur,
1978 781 2202 866 utique
2257 787 2602 867 postquam
2660 803 2761 845 co-

461 891 760 955 moedum
780 889 1046 954 Actium
1078 894 1336 956 coactus
1366 893 1462 953 est
1490 889 1961 954 manumittere.
2008 910 2364 974 paucorum
2393 892 2763 952 senatorum

399 1021 434 1062 25
465 997 683 1081 inopia
739 1000 1121 1081 sustentata,
1174 1019 1256 1061 ne
1313 996 1609 1081 pluribus
1668 1018 1857 1081 opem
1912 998 2135 1079 ferret,
2191 995 2454 1082 negauit
2501 1017 2567 1058 se
2614 994 2763 1060 aliis

462 1104 961 1188 subuenturum,
1026 1103 1152 1167 nisi
1210 1103 1459 1168 senatui
1517 1104 1720 1168 iustas
1782 1103 2264 1169 necessitatium
2330 1124 2550 1169 causas
2614 1122 2762 1186 pro-

461 1211 735 1276 bassent.
822 1233 952 1294 quo
1010 1215 1200 1294 pacto
1256 1210 1600 1295 plerosque
1655 1210 1970 1274 modestia
2028 1214 2092 1273 et
2137 1209 2382 1294 pudore
2429 1208 2760 1293 deterruit,

459 1317 527 1381 in
587 1317 823 1402 quibus
879 1315 1255 1403 Hortalum,
1313 1316 1538 1393 Quinti
1584 1316 1895 1382 Hortensi
1954 1316 2229 1380 oratoris
2274 1318 2602 1400 nepotem,
2650 1316 2763 1399 qui

463 1424 832 1509 permodica
887 1446 955 1488 re
1002 1424 1311 1489 familiari
1357 1429 1616 1488 auctore
1662 1423 1960 1510 Augusto
2020 1427 2325 1506 quattuor
2378 1423 2618 1488 liberos
2663 1426 2764 1488 tu-

372 1532 643 1597 ·1olerat.

636 1639 904 1703 Publice
970 1638 1480 1703 munificentiam
1545 1638 1646 1701 bis
1713 1639 1975 1702 omnino
2040 1632 2363 1721 exhibuit}
2425 1637 2761 1721 proposito
2773 1631 2870 1699 48

457 1747 670 1811 milies
715 1745 1085 1810 sestertium
1122 1745 1410 1831 gratuito
1450 1744 1519 1808 in
1564 1744 1805 1808 trienni
1843 1747 2098 1829 tempus
2137 1747 2201 1807 et
2237 1765 2457 1808 rursus
2504 1743 2766 1827 quibus-

460 1854 607 1917 dam
668 1852 946 1916 dominis
1002 1851 1391 1937 insularum,
1447 1873 1610 1934 quae
1656 1851 1725 1914 in
1781 1854 2001 1915 monte
2050 1849 2267 1915 Caelio
2316 1850 2765 1936 deflagrarant,

460 1959 672 2044 pretio
721 1959 1042 2023 restituto.
1127 1979 1403 2041 quorum
1450 1957 1726 2021 alterum
1771 1980 2006 2042 magna
2049 1956 2430 2021 difficultate
2474 1979 2767 2020 numma-

367 2089 432 2129 ·15
460 2066 557 2130 ria
608 2065 851 2150 populo
907 2064 1221 2129 auxilium
1275 2065 1612 2151 flagitante
1673 2068 1929 2128 coactus
1994 2067 2090 2127 est
2145 2064 2381 2148 facere,
2447 2085 2591 2127 cum
2648 2086 2767 2148 per

459 2176 719 2237 senatus
766 2173 1133 2237 consultum
1180 2171 1523 2257 sanxisset,
1579 2176 1652 2235 ut
1698 2171 2129 2235 faeneratores
2187 2171 2341 2235 duas
2387 2170 2767 2254 patrimonii

458 2283 674 2364 partes
740 2279 808 2342 in
874 2280 1010 2344 solo
1090 2278 1510 2365 collocarent,
1587 2279 1909 2342 debitores
1983 2278 2255 2342 totidem
2330 2277 2495 2342 aeris
2569 2277 2765 2341 alieni

459 2387 680 2451 statim
728 2386 1070 2471 soluerent,
1119 2408 1236 2450 nec
1281 2408 1382 2450 res
1420 2386 1857 2471 expediretur3
1904 2385 2179 2449 alterum
2217 2384 2299 2448 ad
2335 2384 2765 2470 mitigandam

460 2497 829 2578 temporum
886 2493 1310 2559 atrocitatem.
1404 2493 1578 2576 quod
1633 2497 1850 2556 tamen
1915 2491 2298 2555 beneficium
2354 2491 2521 2554 tanti
2578 2491 2766 2555 aesti-

367 2623 433 2663 ‘20
460 2601 684 2685 mauit,
730 2604 804 2663 ut
848 2604 1138 2663 montem
1186 2599 1473 2664 Caelium
1520 2599 1952 2683 appellatione
1990 2602 2242 2663 mutata
2285 2598 2505 2662 uocari
2542 2596 2764 2683 Augu-

462 2710 634 2770 stum
692 2707 968 2771 iusserit.
1052 2707 1249 2771 militi
1304 2711 1453 2791 post
1510 2707 1836 2791 duplicata
1892 2729 1971 2771 ex
2025 2704 2311 2791 Augusti
2374 2708 2764 2770 testamento
2801 2718 2835 2767 2

461 2814 676 2901 legata
719 2814 888 2878 nihil
933 2836 1240 2898 umquam
1287 2815 1562 2900 largitus
1609 2818 1736 2899 est,
1780 2819 2233 2899 praeterquam
2283 2812 2538 2899 singula
2582 2810 2765 2876 milia

463 2922 875 2985 denariorum
939 2921 1392 3006 praetorianiS,
1459 2921 1633 3005 quod
1691 2919 1922 2985 Seiano
1972 2943 2037 2983 se
2102 2942 2234 2984 non
2300 2919 2765 2983 accommodas—

463 3033 632 3113 sent,
698 3025 772 3091 'et
837 3029 1150 3111 quaedam
1215 3050 1483 3094 munera
1548 3026 1828 3111 Syriacis
1889 3027 2286 3112 legionibuS,
2353 3026 2527 3109 quod
2590 3025 2765 3090 solae

370 3156 433 3198 525
461 3135 710 3199 nuUam
760 3134 974 3198 Seiani
1021 3135 1370 3220 imaginem
1428 3135 1599 3199 inter
1644 3135 1830 3221 signa
1878 3134 2243 3200 coluissent.
2328 3137 2519 3215 atque
2567 3132 2763 3196 etiam

462 3242 800 3307 missiones
844 3246 1300 3306 ueteranorum
1348 3242 1708 3307 rarissimas
1754 3241 1934 3327 fecit,
1982 3262 2062 3305 ex
2110 3240 2287 3304 senio
2337 3244 2639 3325 mortem,
2686 3261 2765 3302 ex

463 3353 671 3414 morte
734 3349 1187 3434 compendium
1246 3354 1524 3433 captans,
1606 3370 1687 3412 ne
1743 3348 2111 3433 prouincias
2168 3347 2429 3431 quidem
2483 3346 2764 3410 liberali-

454 3460 595 3521 tate
640 3457 777 3521 ulla
822 3456 1210 3540 subleuauit,
1255 3461 1521 3541 excepta
1565 3455 1749 3541 Asia,
1806 3455 2087 3519 disiectis
2133 3460 2340 3519 terrae
2388 3457 2570 3518 motu
2610 3454 2766 3517 ciui-

462 3562 726 3627 tatibus

608 3728 674 3774 27
719 3722 868 3776 Ονοε.
902 3722 1025 3775 VII
1044 3725 1189 3788 4,18
1236 3721 1404 3774 Asiae
1452 3720 1715 3774 ciuitates
1752 3719 1852 3773 illo
1893 3720 1953 3790 (ἕ
1982 3722 2071 3787 13)
2111 3721 2295 3772 terrae
2342 3720 2500 3771 motu
2540 3718 2764 3770 dirutas

450 3802 675 3855 ⁴tributo
724 3802 976 3855 dimisso
1002 3802 1232 3870 propria
1278 3801 1451 3855 etiam
1496 3799 1842 3854 liberalitate
1888 3799 2173 3868 (libertate
2210 3798 2394 3864 codd„
2441 3795 2624 3872 οἰκείᾳ
2662 3801 2768 3853 δα-

452 3880 616 3953 πάνῃ
655 3883 899 3952 Phlegon
936 3882 1000 3935 de
1038 3884 1158 3935 mir.
1192 3885 1280 3950 13)
1321 3881 1572 3935 donauit.

610 4065 640 4112 2
680 4059 823 4113 alico
857 4061 916 4126 V,
947 4059 1059 4113 alio
1093 4059 1345 4113 Perizon.
1385 4059 1601 4127 (Polak)
1748 4063 1779 4111 3
1819 4073 1889 4111 ne
1927 4056 2089 4127 quid]
2119 4072 2245 4125 neq:
2269 4058 2343 4110 M
2483 4061 2515 4107 4
2545 4057 2631 4108 est
2659 4073 2762 4110 om.

466 4138 668 4196 MGX'
783 4155 1048 4193 ancorum
1070 4142 1144 4194 M
1145 4140 1196 4194 G
1233 4146 1282 4193 et
1309 4147 1424 4193 tum
1452 4137 1687 4207 inoppia
1709 4140 1784 4192 M
1817 4139 1906 4206 (ef.
1935 4138 2125 4191 Herm.
2144 4141 2218 4190 36
2238 4154 2297 4204 p.
2317 4139 2450 4204 293)
2596 4142 2627 4189 5
2667 4153 2765 4189 ne-

455 4219 591 4287 quit
619 4226 747 4288 post
773 4220 945 4275 ferret
980 4218 1107 4273 add.
1151 4221 1203 4275 V
1301 4219 1406 4272 ulli
1442 4227 1492 4273 et
1528 4226 1641 4273 tum
1679 4217 1973 4286 probasset
2005 4217 2183 4272 Pozak
2291 4221 2322 4268 6
2360 4215 2766 4271 necessitatum

457 4300 629 4354 GXT
755 4306 784 4353 9
814 4298 1227 4367 permodicaret
1256 4299 1399 4365 ΜΘ,
1429 4296 1784 4368 permodica’.
1815 4299 1902 4350 ret
1941 4297 1994 4352 V
2112 4295 2411 4349 familiaris
2444 4298 2565 4361 Μδ,
2595 4313 2679 4350 -es
2714 4298 2766 4352 G

460 4380 847 4450 <permodicae
887 4380 969 4432 rei
1012 4378 1306 4432 familiaris
1341 4380 1590 4449 Bentley,
1632 4394 1733 4447 per
1768 4376 1991 4431 modica
2031 4375 2114 4429 rei
2146 4374 2445 4431 familiaris
2475 4378 2764 4446 Bz‘c‘eheler)

469 4467 533 4515 12
573 4461 832 4514 sestertio
872 4477 904 4518 ς
943 4461 1081 4528 (edd.
1113 4461 1344 4528 princ),
1391 4459 1459 4526 ef.
1492 4461 1601 4513 Iul.
1633 4463 1705 4513 50
1723 4477 1783 4528 p.
1811 4462 1903 4523 26,
1930 4461 2004 4511 24
2176 4458 2234 4509 et
2270 4463 2397 4525 post
2430 4473 2620 4510 rursus
2667 4459 2765 4512 ite-

451 4549 595 4599 ffant
624 4544 698 4596 M
708 4542 759 4596 G
906 4546 973 4593 14
1003 4539 1147 4612 (in)
1177 4555 1384 4608 magna
1413 4541 1645 4608 Bentley
1794 4545 1857 4592 15
1889 4539 1976 4591 est
2003 4554 2103 4593 om.
2137 4538 2190 4593 V
2328 4542 2392 4589 19
2421 4536 2680 4592 beneficii
2713 4538 2766 4592 G

574 4640 844 4681 Svn'romvs
875 4640 944 4680 ed.
973 4639 1107 4678 Ihm.
1161 4638 1198 4677 Ι.
2269 4630 2333 4677 10
