3325 5209
671 427 755 491 16
1362 426 1417 480 O.
1459 426 1774 480 SVETONI
1817 427 2263 492 TRANQVILLI

563 587 657 654 30
674 589 958 672 deretur,
1033 590 1245 672 quoad
1318 590 1543 654 consul
1615 591 1812 654 fieret.
1915 614 2139 655 uerum
2209 613 2415 675 neque
2481 597 2703 657 senatu
2775 592 2968 656 inter-

668 697 965 760 ueniente
1026 700 1090 759 et
1153 696 1532 760 aduersariis
1602 697 1989 781 negantibus
2051 697 2251 761 ullam
2314 720 2379 762 se
2439 698 2517 762 de
2578 720 2646 762 re
2705 697 2969 782 publica

666 801 951 867 facturos
1011 805 1403 887 pactionem,
1461 805 1721 867 transiit
1781 804 1851 867 in
1911 805 2273 868 citeriorem
2331 803 2633 888 Galliam,
2694 827 2967 869 conuen-

668 909 968 992 tibusque
1031 911 1305 993 peractis
1371 909 1716 974 Rauennae
1781 911 2099 994 substitit,
2167 910 2340 974 bello
2404 911 2845 975 uindicaturus
2912 912 2966 974 si

668 1015 823 1098 quid
878 1016 954 1079 de
1011 1016 1288 1080 tribunis
1343 1016 1551 1100 plebis
1611 1016 2153 1081 intercedentibus
2200 1038 2319 1100 pro
2369 1038 2437 1080 se
2483 1017 2744 1100 grauius
2790 1039 2829 1080 a
2875 1038 2967 1080 se-
3024 1042 3052 1081 ⁵

666 1128 823 1187 natu
872 1123 1298 1187 constitutum
1346 1128 1528 1187 esset.

595 1245 625 1291 2
843 1230 932 1293 Et
986 1234 1389 1313 praetextum
1443 1230 1700 1312 quidem
1757 1229 1856 1292 illi
1913 1230 2204 1293 ciuilium
2261 1251 2582 1293 armorum
2639 1229 2762 1293 hoc
2815 1229 2965 1312 fuit3

667 1358 888 1400 causas
944 1341 1158 1399 autem
1225 1334 1381 1399 alias
1437 1337 1636 1400 fuisse
1695 1336 2057 1419 opinantur.
2162 1335 2416 1399 Gnaeus
2471 1334 2817 1419 Pompeius
2873 1336 2967 1398 ita

668 1442 1027 1525 dictitabat,
1098 1442 1270 1525 quod
1317 1465 1523 1526 neque
1572 1464 1767 1526 opera
1828 1464 2297 1528 consummare,
2358 1464 2520 1526 quae
2579 1442 2964 1524 instituerat,

665 1570 872 1631 neque
927 1548 1155 1631 populi
1211 1550 1745 1632 expectationem,
1813 1571 2004 1633 quam
2063 1551 2138 1612 de
2195 1550 2475 1614 aduentu
2540 1570 2655 1613 suo
2711 1549 2963 1628 fecerat,
2994 1571 3050 1613 ιο

666 1654 938 1738 priuatis
998 1654 1228 1737 opibus
1288 1655 1542 1739 explere
1589 1660 1838 1739 posset,
1892 1657 2152 1720 turbare
2200 1657 2415 1720 omnia
2461 1677 2535 1721 ac
2580 1656 2964 1739 permiscere

598 1776 628 1823 3
666 1761 965 1826 uoluisse.
1050 1762 1161 1825 alii
1217 1763 1508 1826 timuisse
1565 1763 1815 1845 dicunt,
1878 1784 1958 1825 ne
2015 1785 2267 1845 eorum,
2334 1784 2495 1845 quae
2550 1762 2761 1845 primo
2819 1781 2962 1824 con·

666 1869 878 1959 sulatu
933 1868 1235 1933 aduersus
1293 1871 1577 1953 auspicia
1631 1869 1933 1954 legesque
1990 1873 2055 1932 et
2109 1869 2597 1933 intercessiones
2643 1868 2963 1953 gessisset,

665 1974 980 2037 rationem
1025 1974 1285 2040 reddere
1332 1981 1693 2061 cogeretur3
1743 1998 1888 2040 cum
1935 1976 2017 2038 M.
2061 1974 2220 2039 Cato
2268 1975 2612 2040 identidem
2662 1996 2782 2038 nec
2828 1974 2963 2038 sine

664 2081 800 2145 iure
848 2082 1114 2146 iurando
1175 2081 1578 2147 denuntiaret
1634 2082 1995 2146 delaturum
2044 2104 2109 2146 se
2164 2104 2402 2147 nomen
2448 2083 2604 2165 eius,
2651 2080 2843 2145 simul
2888 2102 2962 2145 ac
2991 2103 3043 2144 ιε

664 2189 944 2271 primum
1003 2190 1351 2253 exercitum
1415 2189 1791 2273 dimisisset3
1852 2210 2125 2271 cumque
2179 2192 2380 2273 uulgo
2445 2189 2583 2252 fore
2643 2188 2963 2272 praedica-

662 2300 831 2379 rent,
887 2299 961 2359 ut
1017 2297 1072 2359 si
1126 2297 1420 2378 priuatus
1476 2295 1773 2378 redisset,
1828 2295 2091 2360 Milonis
2150 2297 2442 2380 exemplo
2491 2293 2961 2377 circumpositis

594 2416 627 2462 4
666 2404 929 2466 armatis
977 2424 1232 2465 causam
1289 2401 1461 2484 apud
1516 2402 1758 2466 iudices
1808 2402 2059 2468 diceret.
2143 2402 2316 2485 quod
2360 2401 2761 2486 probabilius
2807 2400 2964 2465 facit

664 2508 929 2573 Asinius
984 2509 1217 2591 Pollio,
1282 2507 1652 2572 Pharsalica
1707 2510 1841 2574 acie
1907 2530 2124 2573 caesos
2179 2508 2687 2592 profligatosque
2743 2507 2960 2571 aduer-

667 2617 867 2679 sarios
922 2616 1424 2698 prospicientem
1480 2616 1637 2679 haec
1693 2636 1839 2679 eum
1896 2615 1975 2678 ad
2038 2616 2308 2679 uerbum
2364 2615 2600 2679 dixisse
2653 2615 2959 2677 referens:
2990 2636 3041 2674 20

664 2723 806 2785 hoc
852 2721 1294 2805 uoluerunt3
1343 2723 1584 2785 tantis
1630 2723 1857 2786 rebus
1904 2723 2147 2807 gestis
2199 2719 2429 2785 Gaius
2469 2719 2744 2784 Caesar
2790 2740 2959 2783 con-

667 2828 1061 2891 demnatus
1110 2850 1376 2912 essem,
1421 2829 1576 2892 nisi
1623 2828 1712 2892 ab
1761 2829 2107 2892 exercitu
2156 2827 2529 2892 auxilium
2570 2826 2959 2910 petissem.

595 2947 625 2994 5
667 2935 923 3017 quidam
996 2938 1231 3018 putant
1302 2938 1562 3018 captum
1637 2935 1892 3018 imperii
1970 2935 2429 2998 consuetudine
2494 2934 2960 3017 pensitatisque

665 3042 797 3105 suis
848 3045 910 3105 et
964 3041 1372 3105 inimicorum
1428 3041 1678 3107 uiribus
1733 3064 1921 3104 usum
1979 3041 2309 3105 occasione
2363 3040 2703 3124 rapiendae
2761 3039 2960 3102 domi-

662 3149 970 3231 nationis,
1032 3170 1222 3231 quam
1286 3152 1492 3212 aetate
1546 3149 1754 3231 prima
1814 3149 2234 3231 concupisset.
2328 3147 2500 3231 quod
2559 3147 2959 3210 existimasse
2989 3165 3040 3205 2⁵

663 3254 1001 3318 uidebatur
1048 3259 1112 3318 et
1149 3253 1368 3318 Cicero
1418 3255 1697 3319 scribens
1747 3254 1822 3318 de
1871 3252 2119 3318 Officiis
2156 3254 2346 3318 tertio
2385 3255 2553 3318 libro
2590 3253 2763 3337 <82>
2802 3274 2960 3316 sem-

663 3383 780 3445 per
817 3360 1149 3425 Caesarem
1195 3362 1264 3424 in
1312 3384 1420 3426 ore
1464 3361 1765 3425 habuisse
1812 3360 1939 3444 [est
1977 3362 2045 3423 in
2080 3360 2453 3425 Phoenissis
2490 3360 2729 3443 <524>2
2776 3365 2959 3443 εἴπερ

664 3469 790 3551 γὰρ
838 3467 1094 3532 ἀδικεῖν
1143 3473 1288 3552 χρή,
1333 3470 1733 3552 τυραννίδος
1788 3466 1938 3548 πέρι
1998 3468 2354 3532 κάλλιστον
2400 3467 2709 3551 ἀδίκ·ημα“
2766 3467 2845 3529 τὰ
2890 3463 2948 3529 δ’

664 3576 830 3639 ἄλλα
879 3576 1178 3657 εὐσεβεῖν
1224 3575 1548 3659 χρεώ<ν>]
1598 3574 1930 3657 Euripidis
1977 3595 2231 3658 uersuS,
2279 3597 2439 3657 quos
2488 3575 2581 3637 sic
2627 3574 2764 3657 ipse
2810 3594 2958 3637 con-

662 3682 885 3746 uertit:
966 3707 970 3711 *
2985 3699 3040 3739 so

841 3810 1010 3852 nam
1057 3789 1119 3853 si
1164 3788 1610 3852 uiolandum
1659 3791 1773 3850 est
1820 3787 1967 3872 ius,
2012 3786 2471 3871 (regnandi)
2518 3786 2770 3871 gratia

841 3894 1284 3959 uiolandum
1333 3898 1473 3958 est:
1521 3893 1701 3957 aliis
1747 3894 1974 3957 rebus
2022 3896 2387 3981 pietatem
2437 3893 2661 3958 colas.

806 4077 837 4123 8
878 4068 976 4123 alii
997 4075 1126 4137 post
1154 4068 1296 4123 alias
1327 4070 1454 4123 add.
1491 4068 1577 4140 (2²,
1609 4075 1735 4123 aute
1764 4067 1918 4121 alias
1937 4070 2132 4123 Burm.
2283 4074 2349 4120 10
2389 4085 2487 4121 suo
2524 4071 2583 4135 T,
2623 4068 2709 4120 sui
2741 4069 2816 4121 M
2825 4067 2937 4121 ΘΧ
2940 4064 2955 4084 ’

663 4151 746 4219 (iu
768 4151 818 4203 T
831 4156 956 4218 post
974 4146 1215 4216 fecerat)
1244 4151 1396 4203 haesi
1422 4167 1499 4202 an
1526 4150 1863 4203 admitterem
1981 4155 2048 4202 25
2080 4149 2239 4221 (ab)
2261 4150 2449 4202 aetate
2469 4147 2662 4202 Duker
2783 4153 2850 4200 26
2869 4147 2957 4199 ui-

664 4230 828 4284 detur
852 4232 901 4283 T
1040 4235 1107 4282 27
1148 4232 1234 4284 est
1254 4262 1320 4269 —
1341 4230 1517 4299 χρεών
1537 4229 1637 4282 del.
1668 4230 1820 4283 Torr.
1844 4230 2096 4297 Casaub.‚
2126 4236 2309 4283 tuetur
2332 4229 2601 4283 Graevius
2630 4229 2807 4299 leyens
2832 4243 2958 4281 eum

661 4311 933 4378 Stephano
962 4325 1057 4362 eos
1086 4310 1146 4363 in
1173 4309 1492 4363 Phoenissis
1510 4308 1798 4377 Euripidis
1826 4325 2020 4362 uersus
2052 4352 2062 4363 .
2088 4353 2098 4363 .
2124 4353 2133 4363 .
2167 4326 2305 4377 quos
2452 4309 2560 4380 est]
2590 4308 2741 4377 quod
2777 4310 2864 4362 est
2886 4308 2955 4373 G,

661 4393 725 4443 ut
755 4392 840 4443 est
868 4407 926 4454 ς,
964 4390 1104 4443 istos
1142 4391 1423 4444 Turnebus
1450 4391 1725 4442 damnans
1752 4388 1813 4440 in
1839 4389 2161 4443 Phoenissis
2307 4395 2374 4442 28
2413 4388 2707 4443 κάλλιστον
2734 4389 2957 4443 ἀδικεῖν

660 4470 828 4523 τᾶλλα
868 4466 925 4524 δ’
959 4471 1161 4539 Ewrip.
1309 4475 1372 4522 31
1414 4469 1692 4538 regnandi
1730 4486 1762 4527 ς
1799 4471 1884 4536 (iu
1919 4487 2088 4540 waary.
2129 4471 2302 4525 adsc‘r.
2349 4469 2457 4540 ρ’),
2508 4467 2835 4521 dominandi
2872 4469 2958 4534 (in

660 4567 831 4620 mary.
862 4557 992 4618 post
1029 4550 1233 4619 gratia)
1271 4550 1355 4619 8²,
1393 4548 1615 4618 imperii
1658 4549 1772 4616 Τς,
1810 4549 1970 4618 regni
2008 4551 2070 4603 iu
2107 4551 2239 4604 aliis
2276 4567 2308 4608 ς
