3325 5209
593 350 678 414 ’ΖΟ
1289 349 1345 404 Ο.
1386 349 1704 404 SVETONI
1739 349 2185 414 TRANQVILLI

482 537 486 539 ’
590 513 802 577 monis
856 512 1170 597 paulatim
1226 512 1470 578 abolita
1523 513 1834 598 restituit,
1881 516 1954 577 ut
2000 511 2241 578 Salutis
2287 513 2658 598 augurium,
2702 511 2890 577 Diale

592 619 996 705 flamonium,
1050 642 1303 685 sacrum
1357 620 1727 704 Lupercale,
1781 619 1967 683 ludos
2023 618 2393 684 Saeculares
2449 623 2514 683 et
2568 617 2891 703 Compita-

592 725 796 791 licios,
885 725 1351 810 Lupercalibus
1395 726 1605 790 uetuit
1653 747 1907 791 currere
1961 726 2288 810 inberbes,
2336 726 2492 790 item
2542 725 2891 791 Saeculari—

591 831 714 897 bus
760 833 929 897 ludis
974 835 1239 910 iuuenes
1285 834 1622 917 utriusque
1656 855 1850 898 sexus
1887 833 2223 918 prohibuit
2260 834 2465 897 ullum
2501 837 2889 896 nocturnum

592 940 1030 1024 spectaculum
1088 940 1497 1023 frequentare
1557 940 1686 1004 nisi
1752 962 1899 1006 cum
1958 940 2176 1024 aliquo
2231 939 2473 1004 maiore
2530 943 2687 1004 natu
2746 961 2892 1023 pro·
2945 966 2971 1007 5

591 1048 1003 1132 pinquorum.
1088 1046 1481 1131 Compitales
1516 1046 1713 1111 Lares
1751 1048 1968 1112 ornari
2003 1045 2105 1111 bis
2144 1068 2311 1110 anno
2352 1046 2637 1110 instituit
2673 1047 2890 1110 uernis

590 1153 860 1218 floribus
906 1158 971 1218 et
1015 1154 1294 1218 aestiuis

510 1275 554 1328 6
769 1259 1146 1324 Proximum
1194 1284 1232 1324 a
1277 1260 1374 1324 dis
1412 1260 1887 1324 immortalibus
1925 1260 2234 1325 honorem
2271 1260 2617 1324 memoriae
2655 1260 2888 1324 ducum

593 1366 937 1452 praestitit,
986 1367 1097 1450 qui
1142 1367 1484 1450 imperium
1530 1391 1592 1452 p.
1629 1367 1707 1432 R.
1747 1390 1826 1431 ex
1872 1367 2141 1432 minimo
2189 1368 2539 1431 maximum
2585 1365 2890 1430 reddidis-

592 1477 752 1537 sent.
832 1474 1051 1559 itaque
1096 1477 1161 1538 et
1208 1495 1403 1558 opera
1449 1475 1758 1557 cuiusque
1805 1474 2215 1538 manentibus
2261 1474 2469 1537 titulis
2505 1474 2789 1537 restituit
2827 1477 2890 1536 et
2919 1499 2971 1538 ιο

592 1583 838 1644 statuas
888 1582 1176 1645 omnium
1221 1580 1603 1664 triumphali
1649 1581 1867 1667 effigie
1911 1582 1981 1645 in
2025 1586 2297 1665 utraque
2333 1580 2459 1644 fori
2496 1581 2596 1643 sui
2632 1580 2889 1663 porticu

595 1685 933 1771 dedicauit,
978 1688 1306 1771 professus
1353 1687 1510 1772 e[s]t
1557 1687 1793 1753 edicto:
1842 1692 2348 1753 commentum
2395 1686 2471 1750 id
2516 1708 2617 1771 se,
2673 1690 2757 1750 ut
2802 1686 2891 1749 ad

593 1791 913 1857 illorum
948 1795 1005 1877 <.
1038 1845 1049 1857 .
1083 1795 1139 1878 .>
1183 1795 1399 1859 uelut
1437 1796 1525 1859 ad
1572 1795 1966 1880 exemplar
2003 1799 2076 1859 et
2112 1797 2305 1879 ipse,
2353 1794 2523 1857 dum
2561 1795 2889 1876 uiueret,

492 1957 495 1958 γ
593 1902 667 1963 et
730 1898 1302 1984 insequentium
1376 1901 1747 1965 aetatium
1821 1901 2215 1985 principes
2292 1903 2791 1986 exigerentur
2855 1923 2892 1962 a

594 2006 913 2071 ciuibus,
996 2007 1265 2091 Pompei
1311 2030 1566 2092 quoque
1612 2012 1891 2072 statuam
1937 2013 2161 2072 contra
2198 2007 2436 2071 theatri
2475 2009 2609 2071 eius
2646 2008 2888 2093 regiam
2918 2032 2969 2072 16

593 2134 951 2178 marmoreo
981 2112 1137 2178 Iano
1176 2117 1587 2199 superposuit
1615 2115 1994 2178 translatam
2024 2136 2058 2178 e
2087 2115 2280 2199 curia,
2318 2115 2388 2177 in
2416 2137 2542 2197 qua
2573 2113 2639 2178 G.
2663 2113 2891 2178 Caesar

590 2219 803 2283 fuerat
848 2222 1115 2286 occisus.

488 2320 578 2387 32
771 2327 1085 2412 Pleraque
1130 2329 1391 2411 pessimi
1438 2327 1714 2411 exempli
1770 2329 1839 2391 in
1890 2327 2237 2412 perniciem
2284 2326 2609 2410 publicam
2656 2331 2766 2390 aut
2814 2348 2891 2390 ex

594 2435 1053 2498 consuetudine
1098 2434 1484 2516 licentiaque
1522 2433 1841 2497 bellorum
1881 2433 2169 2498 ciuilium
2207 2433 2593 2498 durauerant
2629 2437 2740 2497 aut
2776 2456 2891 2517 per

593 2560 817 2622 pacem
875 2540 1069 2604 etiam
1117 2540 1482 2604 extiterant.
1575 2562 1729 2604 nam
1778 2545 1841 2604 et
1885 2545 2323 2627 grassatorum
2368 2539 2632 2625 plurimi
2676 2541 2890 2625 palam
2920 2566 2972 2605 20

594 2667 661 2709 se
715 2645 1010 2710 ferebant
1064 2648 1374 2713 succincti
1428 2649 1627 2732 ferm,
1687 2648 1871 2731 quasi
1924 2648 2146 2711 tuendi
2193 2647 2294 2711 sui
2340 2670 2555 2731 causa,
2613 2652 2676 2712 et
2720 2649 2892 2732 rapti

594 2773 709 2834 per
764 2775 956 2838 agros
1017 2755 1301 2819 uiatores
1356 2756 1493 2819 sine
1549 2755 1919 2819 discrimine
1963 2754 2155 2818 liberi
2208 2755 2505 2837 seruique
2552 2756 2892 2841 ergastulis

594 2880 1033 2941 possessorum
1080 2862 1666 2947 supprimebantur,
1713 2866 1777 2926 et
1813 2861 2129 2946 plurimae
2167 2862 2480 2928 factiones
2526 2862 2717 2927 titulo
2766 2863 2892 2926 col-

595 2964 725 3049 legi
769 2969 926 3031 noui
974 2969 1054 3032 ad
1099 2969 1339 3032 nullius
1384 2991 1519 3033 non
1562 2969 1871 3033 facinoris
1918 2970 2291 3033 societatem
2340 2968 2616 3033 coibant.
2689 2969 2892 3055 igitur

593 3078 994 3158 grassaturas
1042 3075 1373 3160 dispositis
1419 3098 1533 3160 per
1580 3080 1903 3161 oportuna
1956 3075 2099 3140 loca
2145 3076 2533 3139 stationibus
2589 3075 2891 3159 inhibuit,
2919 3098 2971 3139 25

742 3264 808 3311 10
845 3261 1072 3329 Lampr.
1106 3262 1263 3315 Alex.
1305 3260 1485 3315 Seuer.
1517 3266 1616 3328 28,
1648 3266 1685 3314 6
1733 3262 1950 3313 statuas
2114 3259 2174 3311 in
2219 3259 2340 3313 foro
2389 3257 2509 3312 diui
2554 3258 2775 3313 Neruae

593 3336 808 3392 locauit
846 3341 1106 3394 omnibus
1145 3358 1274 3395 cum
1309 3339 1494 3395 titulis
1525 3343 1582 3394 et
1611 3339 1884 3394 columnis
1915 3339 2110 3406 aereis,
2150 3356 2294 3407 quae
2321 3341 2610 3409 gestorum
2640 3339 2893 3392 ordinem

594 3419 965 3487 continerent,
1005 3420 1260 3490 exemplo
1297 3421 1566 3490 Augusti,
1615 3421 1716 3489 qui
1754 3436 2097 3473 summorum
2132 3419 2381 3473 uirorum
2419 3422 2638 3473 statuas
2674 3419 2736 3472 in
2770 3419 2892 3473 foro

597 3516 697 3552 suo
736 3516 767 3553 e
812 3517 1088 3555 marmore
1136 3500 1457 3555 conlocauit
1503 3501 1717 3555 additis
1764 3500 1956 3569 gestis.
2102 3506 2170 3553 25
2207 3501 2486 3555 Einhard.
2519 3506 2553 3554 9
2600 3499 2892 3569 dispositis

595 3595 695 3648 per
733 3597 980 3650 congrua
1017 3581 1383 3636 confiniorum
1419 3582 1545 3635 loca
1589 3581 1906 3651 praesidiis.
1947 3584 2017 3634 17
2054 3580 2394 3633 stationibus
2425 3621 2436 3633 .
2462 3623 2507 3634 ..
2540 3579 2846 3649 dispositis.

740 3764 771 3811 2
809 3758 1121 3812 flaminium
1154 3763 1203 3813 'I’
1239 3761 1400 3828 (edd.)
1547 3766 1578 3813 8
1619 3760 1729 3812 diis
1763 3758 1988 3812 GX'I’N
2018 3758 2202 3827 (addis
2233 3760 2327 3827 M)
2474 3765 2537 3811 11
2576 3759 2802 3828 particu
2824 3761 2899 3812 M

594 3839 659 3891 in
693 3840 802 3906 fine
837 3857 1047 3907 uersae,
1083 3857 1151 3895 m.
1171 3845 1211 3895 2
1239 3842 1412 3894 adeor.
1443 3840 1501 3892 la
1526 3839 1606 3893 lo
1756 3844 1821 3892 12
1860 3840 1919 3892 et
1947 3839 2196 3908 Bentley,
2233 3841 2320 3892 est
2348 3840 2400 3890 ,Ω
2440 3840 2526 3906 (ss.
2555 3841 2620 3892 in
2648 3839 2692 3894 S
2720 3856 2789 3894 m.
2822 3843 2894 3909 1),

596 3936 697 3974 om.
728 3921 798 3975 N
800 3937 833 3980 ς
872 3921 1056 3992 (Oud.,
1085 3922 1251 3991 Roth)
1398 3921 1472 3975 ad
1508 3919 1738 3973 illorum
1774 3918 1936 3972 uelut
1964 3919 2037 3971 ad
2068 3917 2330 3972 MX'IIR
2359 3918 2539 3987 (uelut
2565 3921 2628 3972 in
2657 3921 2734 3974 M
2756 3937 2891 3975 corr.

596 4017 663 4053 eoe
690 4000 885 4069 uilut),
935 4001 1009 4054 ad
1053 4000 1281 4054 illorum
1317 4000 1477 4054 uelut
1513 3999 1708 4070 (uelud
1739 4001 1827 4070 N)
1862 3999 2070 4069 GQNs
2100 3999 2315 4069 (Roth),
2359 3998 2588 4052 illorum
2622 3998 2782 4053 uelut
2821 4000 2894 4053 ad

596 4081 676 4134 ed.
709 4082 865 4135 Rom.
888 4083 966 4134 II
996 4083 1205 4152 (aula),
1245 4082 1319 4136 ad
1355 4081 1485 4135 illos
1522 4080 1685 4134 uelut
1712 4080 1789 4133 ad
1819 4081 2122 4148 (Casaub.);
2163 4078 2502 4152 <noi-mam>
2529 4081 2707 4150 suppl.
2735 4082 2872 4137 Oud.

597 4158 866 4232 (uitam)
906 4163 1174 4217 Biceheler
1328 4167 1393 4215 14
1434 4162 1711 4215 aetatium
1748 4161 1822 4215 Μ
1827 4160 2022 4227 ¹L¹0²,
2069 4162 2254 4212 -tuum
2289 4159 2385 4227 ΡΙ,
2430 4162 2579 4214 -tum
2615 4162 2707 4216 rel.
2748 4169 2798 4216 et
2834 4164 2901 4216 N

599 4244 665 4291 18
706 4241 948 4294 correxit
1002 4243 1223 4310 (-repsit
1264 4243 1328 4311 Ο)
1366 4259 1512 4310 quae
1530 4248 1660 4311 post
1696 4241 1937 4310 exempli
1966 4241 2093 4295 add.
2118 4238 2324 4295 ΤῬὈ
2487 4246 2552 4294 19
2591 4245 2690 4295 aut
2727 4259 2895 4311 usque

596 4319 903 4374 extiterant
930 4338 1030 4375 om.
1065 4323 1119 4376 V
1218 4329 1285 4376 23
1306 4323 1569 4377 factionis
1595 4325 1671 4377 M
1775 4321 1969 4390 colligi
1991 4322 2076 4386 M,
2116 4320 2343 4390 collegii
2362 4322 2456 4375 rel.
2569 4328 2635 4376 25
2673 4339 2892 4391 grassa—

597 4400 754 4531 turas
786 4401 839 4454 V
869 4402 957 4469 (ef.
992 4402 1112 4456 Tib.
1135 4405 1254 4472 37),
1300 4407 1591 4472 grassatur
1620 4403 1694 4469 ad
1727 4404 1822 4467 M,
1871 4402 2195 4471 grassatura
2237 4401 2288 4460 G
2316 4402 2625 4472 <Madviy),
2672 4419 2891 4471 grassa-

625 4496 745 4534 ores
783 4486 842 4535 X
849 4485 896 4535 Y
