3325 5209
619 386 705 450 56
1318 383 1373 437 C.
1415 383 1730 437 SVETONI
1766 382 2211 447 TRANQVILLI

549 564 580 612 3
796 547 1057 612 Partitis
1114 551 1265 632 post
1317 546 1658 620 uictoriam
1716 546 1946 610 officiis
2004 567 2148 610 cum
2206 544 2528 609 Antonius
2586 543 2913 609 Orientem

620 655 1065 736 ordinandum,
1113 656 1249 739 ipse
1295 659 1633 718 ueteranos
1681 652 1750 715 in
1794 651 2046 716 Italiam
2097 652 2491 717 reducendos
2538 654 2602 715 et
2646 652 2913 715 munici-

615 760 874 846 palibus
930 762 1101 846 agris
1160 761 1563 826 collocandos
1618 761 1990 843 recepisset,
2049 782 2255 843 neque
2310 762 2760 823 ueteranorum
2807 779 2913 820 ne-

622 891 745 951 que
790 889 1233 951 possessorum
1280 868 1556 953 gratiam
1603 867 1839 950 tenuit,
1896 867 2113 930 alteris
2160 865 2314 950 pelli
2364 888 2455 950 se,
2516 865 2734 929 alteris
2780 886 2912 927 non

513 972 602 1039 14
624 997 740 1060 pro
790 997 902 1059 spe
948 975 1325 1039 meritorum
1370 972 1634 1038 tractari
1682 972 2112 1056 querentibus.
2186 995 2313 1056 quo
2352 977 2639 1055 tempore
2687 971 2755 1035 L.
2783 969 2914 1034 An-
2973 995 3001 1035 5

618 1082 871 1146 tonium
917 1081 1154 1145 fiducia
1200 1083 1589 1164 consulatue,
1635 1102 1827 1163 quem
1874 1079 2163 1165 gerebat,
2211 1099 2284 1143 ac
2328 1079 2645 1143 fraternae
2690 1082 2913 1161 poten-

618 1190 745 1253 tiae
800 1210 901 1252 res
957 1210 1157 1252 nouas
1217 1188 1589 1253 molientem
1651 1166 2006 1272 confugere
2053 1185 2383 1249 Perusiam
2445 1186 2657 1271 coegit
2716 1188 2780 1248 et
2835 1184 2914 1247 ad

619 1296 1009 1360 deditionem
1073 1295 1241 1358 fame
1305 1295 1628 1378 conpulit,
1690 1315 1823 1357 non
1886 1298 2103 1357 tamen
2159 1293 2295 1357 sine
2349 1293 2600 1378 magnis
2662 1294 2794 1354 suis
2851 1296 2914 1354 et

620 1406 766 1466 ante
813 1401 1053 1465 bellum
1112 1405 1177 1464 et
1231 1402 1298 1464 in
1344 1401 1515 1465 bello
1572 1401 2065 1464 discriminibus,
2146 1421 2297 1463 nam
2355 1420 2501 1463 cum
2549 1398 2912 1484 spectaculo

617 1510 920 1574 ludorum
975 1509 1340 1594 gregarium
1398 1507 1672 1571 militem
1738 1507 1807 1569 in
1862 1506 2374 1590 quattuordecim
2431 1505 2765 1569 ordinibus
2822 1526 2913 1568 se·
2941 1529 2999 1567 ιο

621 1615 874 1678 dentem
942 1614 1208 1679 excitari
1271 1634 1387 1697 per
1450 1614 1881 1696 apparitorem
1950 1613 2268 1694 iussisset,
2341 1633 2596 1676 rumore
2662 1611 2739 1675 ab
2806 1611 2914 1674 ob-

619 1721 1072 1786 trectatoribus
1121 1720 1320 1784 dilato
1369 1721 1551 1802 quasi
1600 1720 1871 1783 eundem
1919 1742 2069 1782 mox
2108 1723 2172 1782 et
2210 1719 2661 1782 discruciatum
2700 1740 2915 1782 necas—

622 1833 737 1912 set,
801 1827 1140 1891 minimum
1207 1828 1369 1891 afuit
1435 1827 1592 1911 quin
1656 1827 1895 1911 periret
1961 1847 2271 1890 concursu
2345 1830 2408 1890 et
2473 1825 2915 1908 indignatione

617 1934 847 2018 turbae
893 1933 1205 1998 militaris.
1292 1933 1483 1997 saluti
1532 1935 1657 1996 fuit
1667 1984 1683 2016 ,
1741 1933 1913 2016 quod
1961 1935 2074 2015 qui
2133 1932 2610 1997 desiderabatur
2653 1935 2914 2016 repente

620 2042 983 2125 comparuit
1030 2040 1370 2104 incolumis
1427 2061 1500 2103 ac
1547 2040 1685 2103 sine
1733 2041 1982 2103 iniuria.
2067 2038 2234 2103 circa
2270 2038 2652 2102 Perusinum
2701 2042 2913 2102 autem
2943 2060 2997 2100 15

619 2170 872 2218 murum
925 2148 1287 2212 sacrificans
1334 2168 1535 2231 paene
1582 2147 1974 2229 interceptus
2021 2150 2117 2210 est
2163 2170 2200 2209 a
2236 2168 2428 2210 manu
2466 2145 2915 2231 gladiatorum,

515 2251 601 2318 15
621 2277 784 2337 quae
822 2255 1060 2338 oppido
1102 2257 1412 2338 eruperat.
1486 2253 1751 2317 Perusia
1791 2257 1976 2336 capta
2003 2253 2072 2316 in
2098 2253 2413 2337 plurimos
2443 2251 2915 2335 animaduertit,

621 2383 802 2425 orare
849 2362 1101 2424 ueniam
1150 2363 1257 2425 uel
1304 2382 1603 2425 excusare
1652 2383 1718 2423 se
1768 2360 2150 2425 conantibus
2197 2383 2327 2423 una
2372 2381 2529 2423 uoce
2577 2379 2915 2422 occurrens

620 2467 1095 2531 moriendum
1143 2488 1325 2531 esse.
1422 2467 1716 2531 scribunt
1772 2467 2031 2550 quidam
2086 2470 2407 2529 trecentos
2465 2488 2544 2528 ex
2598 2464 2914 2528 dediticiis

621 2576 860 2638 electos
906 2574 1245 2657 utriusque
1302 2573 1542 2637 ordinis
1592 2573 1672 2636 ad
1730 2596 1904 2637 aram
1950 2572 2122 2636 Diuo
2171 2571 2337 2636 Iulio
2386 2576 2743 2636 extructam
2790 2569 2915 2634 Idi-
2944 2592 2996 2632 πο

622 2680 741 2743 bus
802 2679 1055 2743 Martiis
1121 2679 1477 2744 hostiarum
1537 2702 1714 2744 more
1780 2684 2109 2744 mactatos,
2202 2680 2551 2744 extiterunt
2617 2678 2725 2761 qui
2790 2683 2916 2742 tra-

623 2787 844 2850 derent
890 2785 1291 2872 con[s‘]pecto
1339 2809 1484 2849 eum
1533 2786 1613 2850 ad
1660 2809 1838 2850 arma
1883 2786 2024 2869 isse,
2071 2791 2144 2849 ut
2183 2787 2420 2850 occulti
2458 2785 2807 2850 aduersarii
2853 2789 2917 2848 et

623 2914 785 2976 quos
832 2898 1041 2957 metus
1088 2893 1295 2979 magis
1335 2916 1527 2977 quam
1564 2893 1866 2957 uoluntas
1905 2894 2279 2977 contineret,
2326 2892 2633 2956 facultate
2679 2891 2748 2955 L.
2791 2890 2918 2954 An-

620 3001 761 3064 toni
809 3001 987 3065 ducis
1033 3002 1340 3084 praebita,
1389 3001 1841 3086 detegerentur
1887 2999 2283 3082 deuictisque
2339 3000 2394 3063 is
2442 3004 2505 3062 et
2552 2998 2916 3064 confiscatis

622 3107 936 3191 promissa
982 3109 1299 3171 ueteranis
1345 3109 1631 3191 praemia
1678 3109 2094 3171 soluerentur.
2945 3124 2997 3164 25

516 3210 604 3276 16
799 3212 1085 3278 Siculum
1132 3214 1374 3278 bellum
1424 3213 1754 3278 incohauit
1791 3216 1857 3277 in
1894 3214 2120 3297 primis
2130 3265 2146 3296 ,
2194 3213 2304 3278 sed
2343 3213 2451 3275 diu
2489 3213 2689 3275 traxit
2725 3212 2918 3275 inter-

621 3320 885 3384 missum
954 3321 1233 3405 saepiUS,
1305 3321 1496 3386 modo
1559 3322 2059 3404 reparandarum
2122 3320 2421 3384 classium
2485 3340 2700 3403 causa,
2760 3340 2918 3402 quas

620 3428 1112 3511 tempestatibus
1161 3427 1400 3511 duplici
1449 3427 1785 3512 naufragio
1836 3432 1900 3491 et
1947 3428 2205 3511 quidem
2251 3448 2366 3509 per
2411 3429 2716 3489 aestatem
2764 3425 2916 3488 ami-

622 3540 809 3616 serat,
857 3537 1047 3600 modo
1095 3556 1251 3618 pace
1296 3535 1482 3618 facta,
1529 3535 1861 3619 flagitante
1907 3534 2149 3618 populo
2200 3533 2282 3597 ob
2330 3534 2712 3597 interclusos
2751 3553 2915 3595 com-

769 3760 796 3806 1
837 3755 905 3821 cf.
947 3755 1180 3821 Eutrop.
1223 3755 1347 3807 VII
1376 3758 1436 3819 3,
1467 3759 1500 3807 3
1557 3753 1635 3806 sic
1692 3753 1839 3807 inter
1895 3770 1988 3807 eos
2037 3752 2221 3806 diuisa
2278 3754 2364 3806 est
2407 3770 2495 3806 res
2541 3752 2797 3821 publica,
2853 3753 2918 3804 ut

622 3833 910 3903 Augustus
948 3834 1251 3901 Hispanias
1291 3833 1504 3887 Gallias
1546 3833 1771 3886 Italiam
1817 3835 2057 3899 teneret,
2107 3833 2384 3886 Antonius
2437 3834 2630 3885 Asiam
2676 3833 2918 3885 Pontum

626 3912 924 3966 Orientem.
1074 3919 1105 3965 5
1144 3913 1315 3967 Schol.
1347 3914 1560 3967 Lucan.
1594 3917 1626 3967 1
1654 3921 1722 3968 41
1767 3914 2070 3967 Antonium
2108 3913 2370 3966 Perusiae
2410 3913 2634 3966 obsedit
2673 3914 2730 3966 et
2767 3912 2917 3965 fame

625 3993 897 4061 compulit
934 3993 1008 4045 ad
1046 3993 1404 4047 deditionem.

766 4196 797 4242 5
844 4189 1118 4242 meritone
1175 4191 1406 4259 Bentley
1562 4194 1628 4242 10
1676 4189 1918 4242 militem
1973 4207 2073 4244 om.
2126 4190 2176 4243 G
2333 4195 2397 4242 12
2455 4188 2644 4242 delato
2696 4188 2925 4242 GPST

626 4274 688 4320 17
731 4268 1063 4336 erumpebat
1098 4273 1143 4321 Y
1283 4276 1347 4321 21
1379 4270 1574 4323 martis
1608 4270 1748 4339 GQs
1884 4287 2038 4324 more
2066 4269 2456 4323 remactandos
2490 4270 2540 4323 G-
2681 4274 2746 4321 22
2788 4284 2917 4321 con-

624 4351 815 4416 specto
855 4350 963 4416 (—tu
1006 4349 1071 4418 Q)
1110 4351 1187 4414 Ω,
1232 4349 1326 4401 uel
1365 4349 1617 4403 consulto
1654 4367 1723 4404 ss.
1764 4349 1841 4403 Ρ2
1880 4352 2024 4418 (item
2070 4352 2132 4403 in
2170 4351 2282 4404 cod.
2323 4350 2733 4418 Dunezmensa),
2780 4366 2915 4403 corr.

624 4430 855 4496 Lipsius
1000 4434 1067 4480 24
1106 4430 1152 4481 is
1176 4429 1329 4496 MS1,
1367 4429 1436 4482 iis
1467 4430 1593 4496 VL,
1630 4430 1719 4482 his
1751 4429 1880 4496 (hiis
1912 4432 1980 4497 Τ)
2018 4431 2109 4482 rel.
2143 4437 2191 4483 et
2219 4429 2285 4483 S²
2429 4434 2496 4482 25
2536 4429 2919 4498 persolueren-

622 4511 715 4561 tur
749 4525 884 4576 pars
920 4509 1037 4561 edd.
1079 4510 1262 4578 (Roth)
1300 4526 1423 4562 cum
1459 4511 1537 4564 ed.
1581 4511 1736 4564 Rom.
1771 4527 1858 4578 pr.
1900 4511 1977 4564 II
