3325 5209
523 1734 612 1801 18

533 3546 624 3613 19

626 403 752 467 172
1316 401 1372 456 C.
1414 401 1730 457 SVETONI
1767 400 2213 467 TRANQVILLI

623 588 748 650 que
795 565 863 629 in
908 563 1063 629 Idus
1109 564 1259 648 Ian„
1308 569 1606 649 quartum
1654 587 1859 649 usque
1897 566 2243 649 septimum
2284 564 2437 627 Idus
2486 564 2757 628 easdem.
2840 586 2920 629 ex

623 673 923 737 omnibus
986 673 1146 737 duos
1206 671 1594 737 nouissimos
1659 672 2009 737 coniunxit.
2106 670 2371 736 tertium
2433 675 2647 735 autem
2707 671 2921 757 Lugu-

625 780 780 844 duni
839 779 986 843 iniit
1046 779 1246 863 solus,
1305 801 1436 843 non
1496 784 1571 843 ut
1631 779 1891 864 quidam
1954 780 2300 862 opinantur
2354 778 2655 863 superbia
2710 780 2922 864 negle-

624 888 951 972 gentiaue‚
1012 886 1123 950 sed
1183 886 1354 970 quod
1413 886 1788 951 defunctum
1848 886 1967 950 sub
2029 885 2464 949 Kalendarum
2520 885 2688 949 diem
2735 885 2921 950 colle-

554 1008 586 1055 2
625 1015 774 1079 gam
834 993 1101 1057 rescisse
1167 993 1395 1057 absens
1455 1014 1583 1057 non
1645 996 1963 1076 potuerat.
2055 992 2452 1077 congiarium
2514 991 2759 1076 populo
2819 992 2921 1055 bis
2978 1016 3012 1057 5

627 1099 802 1164 dedit
863 1103 1155 1165 trecenos
1221 1101 1582 1180 sestertiOS‚
1654 1100 1893 1164 totiens
1964 1098 2593 1165 abundantissimum
2658 1098 2919 1183 epulum

627 1206 878 1271 senatui
932 1205 1340 1290 equestrique
1397 1205 1639 1290 ordini,
1688 1207 1881 1270 etiam
1929 1204 2314 1291 coniugibus
2363 1226 2436 1268 ac
2480 1204 2702 1268 liberis
2749 1210 2922 1269 utro—

625 1336 924 1397 rumque3
983 1313 1337 1396 posteriore
1393 1312 1586 1396 epulo
1642 1312 1924 1377 forensia
1977 1311 2241 1395 insuper
2295 1311 2454 1376 uiris
2465 1361 2483 1394 ‚
2537 1311 2794 1376 feminis
2851 1332 2924 1375 ac

626 1420 841 1504 pueris
897 1419 1128 1483 fascias
1188 1441 1510 1503 purpurae
1570 1441 1644 1484 ac
1701 1419 2026 1503 conchylii
2084 1418 2434 1483 distribuit.
2518 1421 2583 1483 et
2628 1423 2702 1482 ut
2747 1418 2924 1482 laeti·

627 1528 786 1590 tiam
845 1526 1173 1609 publicam
1237 1528 1306 1589 in
1365 1530 1748 1610 perpetuum
1807 1548 2060 1610 quoque
2121 1529 2411 1612 augeret,
2473 1524 2708 1589 adiecit
2755 1525 2923 1589 diem
2953 1548 3016 1590 ιο

630 1632 1079 1697 Saturnalibus
1126 1631 1607 1717 appellauitque
1653 1631 2041 1698 quenalem.

812 1739 1081 1803 Munera
1127 1738 1508 1825 gladiatoria
1553 1738 1788 1823 partim
1838 1741 1907 1804 in
1945 1739 2418 1823 amphitheatro
2458 1738 2652 1803 Tauri
2690 1740 2924 1822 partim

631 1848 700 1910 in
747 1846 1001 1930 Saeptis
1061 1847 1310 1929 aliquot
1370 1846 1596 1930 edidit,
1656 1847 1890 1929 quibus
1946 1848 2217 1910 inseruit
2278 1850 2567 1910 cateruas
2619 1845 2926 1910 Afrorum

634 1952 1229 2037 Campanorumque
1276 1954 1571 2039 pugilum
1623 1975 1703 2017 ex
1746 1957 2021 2037 utraque
2067 1955 2331 2038 regione
2379 1951 2926 2018 electissimorum.

636 2081 837 2143 neque
899 2060 1280 2145 spectaculis
1342 2082 1593 2143 semper
1660 2060 1798 2144 ipse
1859 2061 2209 2145 praesedit,
2270 2060 2381 2125 sed
2440 2061 2763 2124 interdum
2819 2063 2929 2123 aut
2957 2080 3018 2121 15

554 2180 593 2241 ⁴2
633 2167 1131 2253 magistratibus.
1156 2172 1268 2231 aut
1297 2167 1517 2232 amicis
1546 2169 1950 2250 praesidendi
1978 2185 2214 2233 munus
2242 2168 2537 2232 iniunxit.
2603 2161 2928 2230 scaenicos

632 2274 818 2339 ludos
866 2279 931 2338 et
977 2275 1231 2338 assidue
1278 2278 1342 2339 et
1386 2275 1551 2338 uarii
1599 2273 1851 2359 generis
1901 2297 1975 2339 ac
2020 2274 2443 2339 multifariam
2490 2273 2673 2356 fecit,
2730 2294 2929 2356 quon·
2953 2271 2972 2280 “

634 2382 779 2445 dam
841 2386 904 2445 et
961 2380 1314 2445 nocturnos
1376 2382 1662 2446 accensis
1719 2386 1857 2446 tota
1912 2381 2070 2445 urbe
2124 2382 2501 2446 luminibus.
2584 2380 2821 2465 sparsit
2867 2382 2931 2442 et

633 2487 903 2551 missilia
957 2488 1280 2552 uariarum
1336 2511 1549 2553 rerum
1608 2494 1674 2553 et
1723 2487 1989 2572 panaria
2037 2510 2180 2553 cum
2229 2488 2498 2553 obsonio
2546 2487 2791 2551 uiritim
2840 2485 2929 2547 di-

636 2594 816 2677 uisit3
864 2616 991 2676 qua
1037 2595 1402 2678 epulatione
1460 2596 1662 2679 equiti
1711 2594 1786 2659 R.
1836 2600 2060 2661 contra
2117 2617 2183 2659 se
2233 2595 2504 2658 hilarius
2553 2594 2930 2676 auidiusque
2959 2614 3021 2654 xo

636 2702 921 2765 uescenti
967 2706 1181 2784 partes
1231 2723 1376 2765 suas
1422 2702 1618 2786 misit,
1666 2702 1776 2766 sed
1821 2707 1886 2766 et
1932 2702 2213 2767 senatori
2252 2701 2335 2765 ob
2374 2701 2636 2765 eandem
2676 2721 2931 2764 causam

638 2806 987 2890 codicillos,
1043 2807 1279 2889 quibus
1335 2813 1695 2891 praetorem
1753 2831 1898 2873 eum
1958 2814 2139 2872 extra
2196 2808 2483 2873 ordinem
2541 2807 2931 2892 designabat.

639 2914 836 2977 edidit
892 2918 956 2977 et
1011 2914 1322 2979 circenses
1383 2914 1698 2998 plurimos
1756 2939 1793 2979 a
1838 2936 2022 2978 mane
2077 2915 2157 2978 ad
2211 2936 2544 2999 uesperam
2600 2913 2934 2977 interiecta

637 3021 828 3084 modo
895 3019 1343 3084 Africanarum
1419 3022 1762 3085 uenatione
1834 3021 2024 3085 modo
2089 3021 2317 3085 Troiae
2392 3020 2796 3102 decursione,
2870 3024 2933 3082 et

639 3127 951 3209 quosdam
997 3127 1395 3211 praecipuos,
1441 3129 1642 3192 minio
1692 3133 1756 3192 et
1803 3127 2206 3211 chrysocolla
2245 3133 2568 3192 constrato
2609 3127 2777 3191 circo
2814 3148 2935 3190 nec
2963 3147 3021 3188 ετ»

638 3233 792 3296 ullis
839 3234 964 3297 nisi
1010 3257 1089 3298 ex
1127 3235 1449 3298 senatorio
1492 3235 1714 3299 ordine
1753 3234 2214 3319 aurigantibus
2301 3235 2622 3299 commisit
2660 3238 2725 3297 et
2762 3232 2933 3298 subi-

638 3345 761 3419 tos,
808 3362 953 3405 cum
1001 3362 1035 3403 e
1084 3338 1419 3404 Gelotiana
1465 3346 1845 3424 apparatum
1893 3341 2043 3405 circi
2091 3341 2590 3424 prospicientem
2629 3341 2815 3424 pauci
2858 3362 2933 3403 ex

639 3445 950 3529 proximis
995 3445 1350 3511 Maenianis
1398 3448 1852 3531 postulassent.

824 3551 1085 3618 Nouum
1139 3558 1467 3637 praeterea
1522 3561 1714 3637 atque
1769 3554 2129 3618 inauditum
2186 3576 2388 3639 genus
2437 3555 2787 3638 spectaculi
2833 3576 2935 3617 ex-

788 3894 815 3941 1
856 3904 923 3941 ex
962 3889 1166 3958 quibus
1213 3889 1315 3943 tris
1353 3891 1584 3958 Bentley
1629 3892 1764 3958 (tres
1811 3891 1924 3943 iam
1963 3891 2175 3960 Payius
2222 3890 2450 3960 leyerat,
2496 3889 2793 3942 ordinariis
2835 3906 2944 3958 pro

643 3969 899 4023 omnibus
939 3971 1185 4038 Ernesti)
1332 3975 1362 4022 5
1401 3972 1626 4038 poterat
1656 3973 1712 4020 X
1855 3974 1885 4021 9
1925 3968 2131 4022 fascias
2171 3988 2203 4027 ς
2242 3970 2563 4038 (Beroald.),
2604 3969 2785 4023 fasces
2816 3972 2867 4021 Ω

643 4067 710 4103 ac
749 4053 863 4103 HX
902 4053 989 4119 (ac
1036 4049 1229 4104 ochilii
1274 4050 1371 4118 T),
1425 4051 1486 4102 at
1524 4049 1727 4119 MQR,
1780 4050 1951 4117 atque
1993 4049 2044 4103 G
2080 4051 2278 4104 rectius
2324 4057 2459 4117 puto
2511 4051 2599 4119 (ef.
2640 4051 2828 4104 Herm.
2869 4053 2945 4103 40

634 4149 692 4199 p.
725 4134 833 4183 184
851 4133 967 4198 sq),
996 4128 1185 4201 a<u>t
1213 4130 1480 4182 Bic’cheler
1588 4131 1646 4182 et
1673 4131 1739 4183 ut
1771 4128 1997 4195 GT‘P2,
2024 4131 2089 4182 ut
2118 4132 2175 4183 et
2205 4132 2280 4184 M
2286 4149 2328 4197 ε,
2356 4133 2421 4183 ut
2449 4131 2582 4184 LP¹
2695 4136 2760 4183 10
2791 4129 2940 4184 diem

644 4227 742 4264 om.
767 4210 1081 4276 MGLPQ
1096 4216 1223 4278 post
1244 4207 1633 4261 Saturnalibus
1663 4211 1857 4264 inserit
1875 4208 1969 4275 12²,
1995 4217 2121 4263 ante
2142 4209 2351 4263 adiecit
2372 4211 2639 4264 Baehezer
2749 4217 2814 4263 13
2845 4210 2944 4263 de-

646 4288 731 4340 dit
763 4289 897 4343 GR¹
1098 4289 1453 4356 afrorumque
1501 4305 1900 4357 campanorum
1942 4294 2470 4358 (campanorumque
2501 4290 2597 4358 P2)
2639 4290 2946 4345 MLP¹SR

648 4374 709 4422 17
741 4369 1018 4436 quosdam
1049 4387 1081 4428 ς
1111 4370 1249 4439 (edd.
1280 4371 1437 4424 Rom.
1461 4371 1536 4423 II
1558 4372 1774 4424 Bonan.
1806 4372 1972 4438 1488)
2120 4376 2192 4422 24
2217 4369 2607 4422 Africanarum
2640 4370 2945 4425 uenatione

643 4448 809 4501 modo
840 4466 937 4503 om.
966 4448 1017 4503 G
1154 4455 1221 4502 25
1260 4450 1544 4518 quondam
1575 4451 1807 4518 Lipsius
1942 4456 2007 4502 26
2048 4450 2235 4504 subito
2268 4453 2342 4504 M
2473 4455 2538 4503 27
2570 4465 2600 4503 e
2629 4449 2944 4520 gelotiana]

643 4528 769 4599 lege
806 4527 1024 4581 lotiana
1053 4529 1262 4598 (-ciana
1283 4530 1357 4599 R)
1383 4529 1491 4583 GT
1632 4535 1699 4582 29
1738 4532 2031 4598 praeterea
2069 4530 2325 4583 auditum
2359 4530 2409 4584 G
