3325 5209
599 390 746 445 LXII
1540 387 1948 442 PRAEFATIO

600 558 853 635 exempli
911 575 1091 617 causa
1147 560 1211 616 in
1257 558 1489 616 Veneta
1544 557 1805 617 editione
1852 556 2078 617 Graeca
2131 557 2317 616 uerba
2371 557 2593 633 ubique
2653 550 2901 638 (spatiis

599 650 799 707 tamen
847 650 1057 707 uacuis
1102 640 1354 728 relictis)
1402 648 1620 706 omissa
1663 639 1806 721 sint,
1847 647 1909 704 in
1946 637 2229 706 Romanis
2268 648 2536 723 capitum
2573 646 2893 722 descriptio

601 755 637 796 a
703 737 942 815 uulgari
1006 736 1328 811 discrepet,
1392 737 1457 794 in
1518 736 1865 794 uniuersum
1930 740 2128 795 tamen
2193 735 2488 795 iudicanti
2554 736 2900 795 simillimae

599 826 755 885 inter
801 844 861 885 se
909 829 968 884 et
1013 825 1553 885 recentissimorum
1598 826 2106 901 pessimorumque
2152 825 2455 900 librorum,
2502 826 2708 901 quales
2756 828 2904 884 sunt

597 915 1016 975 Perizonianus
1055 919 1116 973 et
1140 914 1563 988 Hal-lemensiS,
1600 933 1869 990 propago
1907 914 2187 973 dicendae
2227 909 2392 973 sunt’
2414 906 2601 993 (Roth
2628 935 2685 991 p.
2705 907 2894 995 XIX)

597 1005 825 1064 leuiora
872 1003 1163 1079 quaedam
1209 1004 1423 1063 menda
1468 1003 1533 1061 in
1577 1003 1701 1061 illis
1746 1004 1970 1078 passim
2017 1002 2254 1061 sublata
2296 1007 2453 1077 sunt,
2500 1022 2616 1078 quo
2653 1023 2900 1061 munere

597 1095 769 1153 uaria
815 1095 1057 1158 fortuna
1102 1092 1273 1169 fungi
1319 1096 1703 1168 perrexerunt
1749 1092 2003 1151 editores
2051 1092 2154 1167 qui
2202 1095 2389 1152 secuti
2434 1096 2587 1151 sunt.
2676 1094 2901 1151 exami-

600 1183 741 1242 naui
788 1182 976 1260 igitur
1021 1182 1098 1240 ad
1140 1181 1509 1258 indagandas
1555 1181 1930 1257 potissimum
1975 1181 2292 1256 primarias
2336 1181 2621 1241 lectiones
2659 1202 2690 1241 e
2727 1184 2900 1241 vetu-

598 1272 879 1332 stioribus
929 1271 1216 1330 editiones
1262 1271 1369 1330 has
1383 1262 1460 1351 ¹):
1526 1271 1614 1329 ed.
1654 1288 2008 1345 anonymam
2026 1262 2096 1351 ²),
2141 1270 2379 1329 Mediol.
2418 1290 2467 1329 a.
2512 1273 2680 1329 1475
2731 1262 2900 1350 (‘im-

595 1379 862 1437 pressum
918 1378 1025 1436 per
1069 1360 1425 1436 Magistrum
1470 1358 1817 1435 Philippum
1871 1359 1942 1416 de
1996 1355 2326 1437 lauagnia',
2389 1359 2593 1418 insunt
2651 1359 2900 1418 notulae

599 1441 977 1530 Calderinii),
1042 1448 1131 1508 ed.
1170 1467 1223 1507 a.
1267 1440 1531 1530 14803),
1596 1448 1822 1508 Bonon.
1872 1468 1922 1507 a.
1969 1451 2136 1509 1488
2204 1441 2366 1529 (cum
2422 1448 2701 1507 Beroaldi
2763 1448 2901 1507 uita

598 1530 882 1619 Suet.)4),
947 1537 1157 1597 Venet.
1206 1556 1258 1595 a.
1301 1539 1473 1597 1490
1539 1528 1704 1618 (eum
1768 1538 2191 1597 commentario
2255 1538 2334 1597 M.
2381 1537 2452 1598 A.
2502 1529 2900 1618 Sabellici)⁵),

597 1628 833 1686 Mediol.
873 1647 923 1686 a.
960 1628 1125 1685 1491
1170 1618 1334 1706 (011111
1372 1619 1603 1707 eodem)
1620 1619 1692 1708 ⁶),
1729 1627 1955 1685 Bonon.
1995 1646 2046 1686 a.
2083 1629 2251 1685 1493
2293 1645 2426 1686 011111
2465 1629 2892 1686 commentario

594 1716 862 1792 Philippi
908 1716 1188 1774 Beroaldi
1237 1709 1454 1796 (altera
1502 1715 1589 1773 ed.
1629 1735 1681 1774 a.
1726 1707 2010 1796 1506)⁷),
2056 1716 2246 1793 Lugd.
2286 1734 2338 1775 a.
2382 1708 2647 1796 15088),
2703 1715 2889 1774 Paris.

599 1826 650 1864 a.
694 1807 884 1879 1509,
930 1805 1190 1864 Florent.
1230 1823 1281 1863 a.
1325 1806 1495 1864 1510
1545 1799 1780 1885 (‘opera
1826 1808 1887 1863 et
1930 1805 2200 1881 impensa
2240 1804 2506 1881 Philippi
2553 1805 2624 1864 de
2672 1803 2902 1864 Giunta.

595 1886 998 1974 Florentini'),
1045 1894 1252 1954 Venet.
1293 1912 1344 1953 a.
1389 1896 1559 1953 1510
1604 1886 1767 1974 (cum
1814 1898 2123 1954 comment.
2164 1894 2443 1953 Sabellici
2491 1896 2551 1952 et
2596 1893 2900 1969 Beroaldi„

597 1979 724 2060 ‘per
767 1982 1114 2059 Philippum
1168 1983 1439 2042 Pincium
1494 1977 1974 2065 Mantuanum’),
2038 1983 2223 2041 Paris
2263 2002 2315 2042 a.
2359 1985 2526 2042 1512
2542 2027 2557 2057 ,
2630 1983 2897 2043 Florent.

596 2092 646 2132 a.
691 2074 860 2133 1515
911 2065 1239 2154 (Iuntina),
1287 2073 1532 2150 Argent.
1581 2092 1632 2131 a.
1677 2074 1868 2147 1515,
1913 2073 2123 2131 Venet.
2172 2091 2224 2132 a.
2267 2074 2433 2130 1516
2485 2069 2600 2153 (‘in
2648 2072 2901 2131 aedibus

594 2157 759 2221 Aldi'
809 2180 949 2221 cura
996 2162 1041 2221 I.
1081 2162 1149 2221 B.
1186 2161 1459 2240 Egnatii,
1512 2161 1583 2220 cf.
1632 2162 1720 2219 ed.
1761 2180 1812 2220 a.
1857 2155 2084 2243 1519),
2158 2161 2339 2221 Basil.
2379 2180 2430 2221 a.
2475 2164 2644 2221 1518
2696 2154 2899 2241 (Desi-

596 2251 745 2310 derii
791 2243 1082 2332 Erasmi),
1155 2251 1338 2310 Basil.
1379 2269 1430 2310 a.
1475 2251 1643 2308 1533
1704 2245 1869 2329 (huic
1925 2254 1985 2309 et
2040 2251 2213 2309 alteri
2260 2251 2579 2310 Basiliensi
2624 2269 2675 2310 a.
2720 2251 2898 2309 1546

592 2340 1044 2417 repetitionibus
1093 2339 1478 2398 Erasmianae
1541 2338 1987 2415 sigismundum
2036 2338 2347 2399 Gelonium
2401 2341 2731 2416 praefuisse
2777 2340 2903 2398 Ro-

592 2430 755 2488 thius
812 2421 1171 2509 existimat),
1235 2427 1422 2504 Lugd.
1463 2448 1513 2486 a.
1557 2429 1728 2486 1534
1785 2448 1889 2503 per
1945 2428 2075 2487 Seb.
2117 2427 2451 2505 Gryphium
2515 2420 2694 2509 (alias
2743 2427 2899 2504 Gry--

593 2519 846 2594 phianas
891 2518 1122 2593 inspexi
1171 2536 1222 2575 a.
1267 2518 1455 2575 1544.
1508 2518 1695 2576 1547.
1748 2519 1916 2576 1548
1967 2511 2131 2599 eta),
2179 2516 2381 2577 Colon.
2433 2538 2482 2577 a.
2525 2519 2694 2577 1539
2746 2510 2900 2597 (‘Io->

596 2626 779 2666 annes
810 2606 1134 2682 Gymnicus
1171 2601 1545 2679 excudebat’,
1579 2606 1724 2665 item
1762 2626 1812 2666 a.
1847 2599 2068 2687 1544),
2109 2605 2295 2665 Paris.
2327 2626 2378 2666 a.
2415 2609 2582 2667 1543
2614 2603 2893 2687 (Roberti

596 2688 933 2776 Stephani),
979 2696 1162 2755 Basil.
1194 2715 1244 2754 a.
1280 2697 1451 2754 1560
1491 2688 1654 2774 (cum
1701 2695 2187 2755 adnotationibus
2227 2689 2558 2777 Glareani),
2602 2696 2890 2772 Antverp.

595 2804 647 2844 a.
700 2788 869 2844 1574
939 2776 1241 2863 (Suetonii
1306 2783 1585 2845 Caesares
1651 2785 1869 2844 Theod.
1925 2785 2246 2844 Pulmanni
2317 2804 2499 2861 opera
2568 2790 2628 2844 et
2693 2785 2900 2844 studio

594 2874 892 2933 emendati
938 2873 1302 2949 Antverpiae
1352 2892 1420 2931 ex
1468 2873 1706 2932 officina
1755 2873 2167 2950 christophori
2212 2868 2536 2957 Plautini),
2602 2875 2897 2950 Antverp.

595 2982 644 3021 a.
690 2964 859 3022 1578
908 2956 986 3044 (0.
1024 2981 1232 3022 comm.
1280 2956 1530 3022 Laevini
1579 2956 1935 3044 Torrentii);
2009 2982 2223 3041 agmen
2277 2963 2678 3023 uetustiorum
2731 2963 2890 3021 clau-

594 3051 740 3110 dant
783 3052 860 3110 Is.
901 3051 1280 3111 Casaubonus
1321 3044 1627 3131 (Genavae
1662 3054 1852 3127 1595,
1898 3052 2085 3111 Paris.
2122 3044 2321 3134 1610)
2370 3056 2430 3111 et
2474 3052 2686 3111 Petrus
2736 3052 2900 3111 Scri--

592 3143 790 3199 verius
855 3133 1070 3221 (Lugd.
1119 3141 1253 3199 Bat.
1303 3159 1353 3199 a.
1408 3134 1624 3222 1596).
1728 3144 2083 3218 posteriores
2147 3160 2538 3200 commemoro
2600 3141 2894 3201 editiones

592 3229 715 3289 Ioh.
758 3228 998 3308 Georgii
1054 3228 1294 3289 Graevii
1353 3222 1644 3310 (Traiecti
1709 3250 1759 3290 a.
1814 3232 1999 3302 1672.
2053 3233 2240 3290 1691.
2295 3224 2522 3311 1703),
2598 3230 2899 3290 Samuelis

772 3472 823 3539 1)
864 3468 1051 3538 Copiis
1089 3470 1205 3525 fere
1242 3488 1374 3524 118118
1413 3489 1536 3524 811111
1573 3471 2020 3525 Monacensibus.

772 3543 824 3610 2)
864 3541 1164 3611 Exemplar
1208 3542 1542 3597 Monacense
1589 3543 1732 3612 sign.
1775 3543 1907 3596 ε1110.
1947 3562 1987 3597 8.
2021 3562 2070 3596 a.
2104 3544 2285 3597 1721'.
2350 3543 2579 3597 uidetur
2616 3560 2683 3597 ea
2719 3560 2896 3611 quam.

593 3611 811 3666 Gruber
829 3611 866 3666 1.
896 3612 932 3666 1.
962 3632 1016 3681 p.
1050 3619 1149 3666 142
1172 3630 1239 3666 ex
1266 3613 1460 3668 Eberti
1489 3614 1810 3668 coniectura
1839 3631 1982 3668 anno
2006 3620 2143 3669 1472
2176 3614 2517 3684 adsignauit.
2583 3614 2898 3668 consimilis

593 3686 782 3737 autem
821 3686 908 3737 est
943 3684 1181 3738 editioni
1217 3683 1467 3739 Venetae
1502 3685 1545 3750 Ι,
1582 3685 1778 3754 paucis
1816 3686 1953 3739 locis
1992 3686 2307 3741 correctior.

666 3826 676 3837 ·
751 3758 824 3878 ηἐξ)
880 3754 1042 3808 Nihil
1105 3756 1481 3824 subscriptum
1543 3758 1653 3810 nisi
1723 3756 1942 3811 ‘FINIS
2006 3756 2486 3812 MCCCCLXXX’.
2580 3756 2790 3826 pendet
2854 3772 2890 3810 a

631 3843 767 3879 non
807 3844 888 3881 us,

591 3845 628 3894 p
771 3900 825 3967 4)
864 3897 1077 3951 Vltimo
1116 3899 1251 3952 folio
1293 3899 1391 3952 ‘ad
1418 3899 1705 3954 lectorem’
1737 3903 1964 3968 praeter
2000 3901 2114 3953 alia
2150 3900 2315 3954 haec:
2358 3899 2573 3953 ‘Simon
2599 3898 2896 3968 pasqualis

590 3968 908 4023 Iadestinus
954 3973 1214 4023 accurata
1259 3971 1320 4023 id
1371 3971 1489 4039 egit
1539 3972 1956 4039 emendatione,
2006 3976 2072 4026 ut
2124 3972 2274 4040 quod
2325 3971 2601 4039 impediat
2632 3970 2888 4041 ‘legentes

591 4039 705 4093 iam
742 4041 952 4094 frustra
987 4041 1080 4095 hic
1115 4040 1488 4110 perquiratur.
1564 4083 1575 4096 .
1600 4083 1611 4095 .
1635 4084 1647 4095 .
1671 4042 1824 4111 Opus
1861 4043 1966 4096 hoc
2005 4047 2261 4097 exactum
2314 4045 2369 4096 et
2420 4043 2752 4110 impressum
2803 4043 2896 4095 est
3011 4063 3020 4070 ·

591 4111 876 4236 cBiolxgtgi'iag
910 4130 1015 4235 ἔοι·
1064 4129 1153 4166 me
1190 4113 1483 4166 Platonem
1534 4113 1603 4167 de
1650 4113 1971 4169 Benedictis
2010 4117 2411 4183 stampatorem
2463 4115 2582 4167 eius
2636 4113 2889 4167 ciuitatis

592 4325 627 4378 b
768 4256 829 4351 5),
865 4201 1140 4308 ‘qunetiis
1185 4272 1287 4324 per
1336 4255 1653 4324 Baptistam
1706 4257 1775 4310 de
1826 4257 1990 4309 tortis
2028 4256 2460 4311 MCCCCLXXX
2498 4256 2588 4311 die
2624 4255 2742 4309 XV.
2785 4256 2895 4309 Fe-

631 4342 849 4465 mand).
867 4397 994 4452 ‘Per
1029 4396 1353 4451 Vldericum
1391 4398 1803 4452 scinzenzeler’.

773 4470 823 4537 7)
865 4468 1174 4537 ‘Impressit
1210 4469 1547 4522 Benedictus
1584 4470 1840 4524 Hectoris
1876 4470 2288 4525 Bononiensis’.

770 4543 822 4609 8)
863 4539 1073 4595 Similis
1112 4541 1199 4594 ed.
1230 4540 1439 4595 Bonon.
1473 4547 1625 4595 1488.
