3325 5209
1282 405 1524 460 GALBA
1563 417 1694 466 [exp.
1726 417 1900 466 10—14]
2605 405 2733 469 279

441 571 668 655 capitis
706 571 1047 637 adfecisset
1082 574 1240 633 vcurn
1280 569 1660 655 coniugibus
1708 591 1781 633 ac
1816 568 2067 652 liberis3
2115 568 2414 651 quodque
2451 569 2734 633 oblatam

442 701 479 741 a
542 678 1123 742 Tarraconensibus
1190 698 1223 740 e
1289 668 1504 740 uetere
1563 675 1807 760 templo
1868 673 2046 740 Iouis
2110 695 2412 740 coronam
2478 698 2733 740 auream

441 786 748 849 librarum
796 784 1161 868 quindecim
1223 783 1564 847 conflasset
1610 804 1686 847 ac
1744 787 1876 847 tres
1924 783 2172 864 uncias,
2245 804 2407 865 quae
2467 782 2735 867 ponderi

438 891 716 975 deerant,
763 892 1052 955 iussisset
1099 890 1288 976 exigi.
1372 910 1445 952 ea
1500 889 1673 953 fama
1728 893 1793 953 et
1839 889 2215 953 confirmata
2270 893 2335 953 et
2388 893 2574 953 aucta
2620 893 2734 974 est,
2770 905 2802 952 2

385 1021 409 1061 s
437 1003 511 1062 ut
557 999 839 1082 primum
883 998 1109 1061 urbem
1157 996 1426 1060 introiit.
1508 1018 1659 1060 nam
1709 1017 1854 1060 cum
1906 995 2292 1079 classiarios,
2350 1017 2510 1079 quos
2554 995 2730 1060 Nero

437 1127 514 1168 ex
551 1104 902 1191 remigibus
940 1105 1147 1167 iustos
1187 1102 1427 1167 milites
1454 1102 1712 1184 fecerat,
1747 1102 1954 1166 redire
1992 1102 2073 1166 ad
2109 1103 2453 1187 pristinum
2492 1106 2728 1167 statum

436 1215 710 1297 cogeret,
754 1212 1110 1276 recusantis
1149 1214 1341 1293 atque
1380 1210 1642 1293 insuper
1681 1209 1960 1293 aquilam
2008 1214 2073 1273 et
2120 1209 2305 1294 signa
2341 1209 2730 1294 pertinacius

435 1319 786 1403 flagitantis
846 1340 979 1381 non
1037 1316 1229 1381 modo
1288 1317 1554 1381 inmisso
1616 1316 1830 1400 equite
1888 1316 2166 1400 disiecit,
2223 1316 2333 1379 sed
2389 1315 2733 1380 decimauit

433 1425 642 1488 etiam.
741 1425 896 1490 item
963 1422 1425 1489 Germanorum
1490 1422 1820 1488 cohortem
1887 1446 1924 1487 a
1984 1422 2362 1488 Caesaribus
2429 1423 2585 1486 olim
2649 1424 2731 1486 ad

357 1555 408 1595 ιο
436 1515 794 1597 custodiam
855 1532 1143 1614 corporis
1209 1531 1572 1595 institutam
1637 1530 1984 1613 multisque
2060 1531 2517 1614 experimentis
2579 1530 2730 1593 fide-

432 1639 745 1702 lissimam
794 1639 1092 1702 dissoluit
1146 1659 1220 1702 ac
1280 1637 1416 1701 sine
1464 1636 1802 1701 commodo
1850 1637 1982 1700 ullo
2030 1638 2278 1701 remisit
2325 1637 2393 1700 in
2438 1637 2730 1720 patriam,

435 1746 618 1828 quasi
667 1744 776 1808 Cn.
818 1744 1207 1827 Dolabellae,
1252 1744 1433 1807 iuxta
1481 1743 1661 1808 cuius
1708 1744 1931 1808 hortos
1977 1745 2298 1826 tendebat,
2342 1743 2726 1826 proniorem.

432 1852 544 1915 illa
605 1873 859 1935 quoque
919 1873 1151 1915 uerene
1212 1874 1292 1914 an
1351 1851 1513 1914 falso
1575 1872 1689 1933 per
1734 1849 2085 1914 ludibrium
2146 1850 2564 1934 iactabantur,
2625 1850 2729 1914 ad·
2767 1865 2799 1912 3

431 1960 645 2041 posita
706 1959 983 2023 lautiore
1049 1980 1203 2021 cena
1262 1958 1649 2043 ingemuisse
1716 1979 1889 2039 eum,
1953 1961 2018 2020 et
2081 1957 2404 2020 ordinario
2470 1957 2727 2040 quidem

353 2086 404 2127 15
433 2065 859 2149 dispensatori
919 2065 1309 2129 breuiarium
1364 2064 1687 2128 rationum
1745 2065 2036 2127 offerenti
2090 2063 2496 2147 paropsidem
2553 2063 2728 2148 legu-

433 2173 624 2235 minis
693 2193 812 2256 pro
875 2171 1215 2235 sedulitate
1285 2192 1358 2235 ac
1419 2170 1755 2256 diligentia
1822 2169 2208 2253 porrexisse,
2279 2168 2452 2233 Cano
2513 2173 2728 2233 autem

433 2262 772 2342 choraulae
832 2280 992 2343 mire
1051 2278 1330 2360 placenti
1402 2277 1695 2353 denarios
1758 2276 2039 2363 quinque
2108 2276 2378 2341 donasse
2443 2277 2726 2359 prolatos

429 2407 624 2448 manu
671 2406 786 2448 sua
833 2409 867 2450 e
912 2385 1345 2469 peculiaribus
1391 2384 1622 2449 loculis
1671 2384 1820 2449 suis.

612 2490 820 2567 Quare
840 2494 1155 2557 aduentus
1175 2493 1312 2556 eius
1340 2513 1473 2556 non
1501 2491 1766 2576 perinde
1795 2494 2014 2575 gratus
2043 2490 2187 2573 fuit,
2210 2491 2402 2572 idque
2432 2491 2724 2573 proximo
2744 2484 2830 2550 13

347 2620 401 2660 πο
431 2588 793 2681 spectaculo
843 2601 1167 2684 apparuit,
1223 2598 1536 2681 siquidem
1585 2596 1902 2661 Atellanis
1950 2598 2360 2662 notissimum
2407 2597 2725 2661 canticum

427 2706 615 2787 (com.
652 2707 773 2787 fry.
804 2727 867 2787 p.
905 2709 1075 2788 333>
1123 2707 1394 2769 exorsis:

479 2796 486 2799 ³
1032 2812 1339 2897 uenit[i]
1389 2810 1797 2876 Onesimus
1844 2834 1881 2874 a
1926 2811 2119 2875 uilla

428 2920 641 2982 cuncti
698 2919 890 2982 simul
951 2923 1344 3009 spectatores
1399 2919 1838 2983 consentiente
1893 2939 2051 2982 uoce
2106 2919 2417 3001 reliquam
2474 2920 2722 3002 partem

427 3026 899 3108 ret<t>ulerunt
945 3048 1019 3089 ac
1067 3026 1322 3111 saepius
1360 3048 1552 3090 uersu
1596 3025 1872 3108 repetito
1912 3029 2196 3110 egerunt.
2277 3024 2518 3088 maiore
2566 3024 2722 3089 adeo
2739 3024 2829 3092 14

349 3153 401 3192 25
432 3135 495 3195 et
540 3132 763 3196 fauore
823 3137 889 3196 et
942 3134 1322 3197 auctoritate
1383 3132 1651 3216 adeptus
1709 3136 1806 3195 est
1867 3154 2058 3215 quam
2118 3132 2318 3217 gessit
2363 3131 2725 3215 imperium,

428 3261 794 3322 quanquam
846 3240 1051 3303 multa
1112 3239 1495 3303 documenta
1541 3238 1784 3325 egregii
1839 3238 2150 3322 principis
2198 3239 2402 3322 daret3
2464 3238 2574 3302 sed
2617 3259 2723 3302 ne-

427 3368 747 3429 quaquam
794 3352 928 3410 tam
977 3350 1161 3430 grata
1207 3350 1405 3428 erant,
1453 3367 1646 3428 quam
1696 3346 1906 3409 inuisa
1953 3367 2114 3428 quae
2162 3366 2341 3409 secus
2387 3345 2632 3409 fierent.

568 3518 598 3564 5
638 3514 706 3580 cf.
750 3514 932 3567 Victor
962 3513 1109 3567 Caes.
1144 3518 1195 3579 6,
1226 3518 1255 3565 1
1311 3511 1408 3564 ubi
1461 3511 1700 3564 Romam
1746 3511 2029 3580 ingressus
2090 3513 2198 3576 est,
2252 3511 2415 3577 quasi
2464 3510 2721 3564 luxuriae

427 3595 527 3645 aut
581 3592 752 3645 etiam
809 3592 1132 3647 crudelitati
1189 3591 1398 3645 auxilio
1463 3591 1886 3655 uentitauisset,
1952 3606 2148 3659 rapere
2211 3590 2434 3644 trahere
2498 3606 2715 3644 uexare.

425 3679 492 3726 24
530 3675 768 3742 Eutrop.
812 3674 935 3727 VII
954 3678 1040 3739 16,
1068 3677 1106 3726 2
1144 3672 1309 3725 huius
1337 3672 1508 3725 breue
1536 3671 1839 3739 imperium
1874 3670 1986 3725 fuit
2024 3672 2088 3723 et⁴
2114 3670 2265 3738 quod
2301 3670 2450 3723 bona
2487 3670 2720 3724 haberet

424 3753 667 3818 exordia,
706 3753 817 3806 nisi
855 3753 927 3806 ad
966 3752 1326 3808 seueritatem
1362 3752 1692 3820 propensior
1726 3751 2029 3805 uideretur.

426 3847 552 3854 ——.—

570 3904 613 3949 1·
638 3914 703 3950 ac
731 3897 924 3952 liberis
954 3912 1175 3964 quoque
1198 3897 1285 3961 M,
1323 3910 1389 3948 ac
1417 3894 1723 3962 liberisque
1752 3896 1788 3947 ὃ
1951 3892 2201 3947 ablatam
2231 3894 2420 3952 ΡΟΤς
2448 3893 2716 3962 (Erue-stt)

425 3982 455 4030 3
494 3996 564 4030 xv
597 3978 762 4031 GLT
903 3983 966 4030 11
995 3975 1113 4030 ullo
1145 3975 1434 4028 commodo
1464 3977 1526 4028 H
1551 3977 1743 4045 (παῖς.)
1890 3980 1955 4027 12
1987 3972 2272 4028 dolabella
2292 4004 2358 4012 —
2379 3973 2637 4042 proniore
2666 3973 2717 4027 G

427 4063 491 4110 15
530 4058 807 4111 rationem
839 4057 1110 4123 ML¹PT‚
1149 4056 1432 4110 delendum
1461 4061 1631 4124 putat
1657 4056 1924 4109 Biichcler
1960 4055 2048 4124 (cf.
2088 4054 2210 4108 Sen.
2250 4055 2400 4122 epist.
2432 4057 2518 4119 39,
2539 4056 2591 4121 1)
2630 4056 2717 4108 uel

420 4139 577 4191 scrib.
618 4137 955 4192 breuiariam
992 4136 1268 4190 rationem
1419 4152 1524 4204 par
1562 4138 1682 4204 (per
1718 4137 1772 4204 ὃ)
1812 4133 2067 4188 obsidem
2097 4136 2219 4201 Me,
2254 4134 2615 4203 pai-absidem
2647 4134 2715 4201 G,

421 4217 782 4287 parapsidem
801 4222 859 4271 X
862 4221 909 4270 Τ
925 4218 1115 4287 (παῖς.)
1245 4221 1311 4270 21
1334 4215 1542 4269 exorsis
1564 4216 1874 4270 Beroaldus
1894 4218 1947 4283 (ς
1958 4214 2025 4282 2),
2045 4230 2271 4267 exorsus
2290 4217 2344 4267 Ω,
2470 4219 2536 4266 22
2557 4214 2719 4268 uenit

422 4297 703 4351 onesimus
723 4298 759 4349 ὃ
779 4298 933 4366 (Ant.
951 4297 1339 4366 Auyustinus),
1367 4294 1653 4349 uenitione
1678 4295 1833 4362 (ued-
1856 4295 1926 4364 T)
1958 4293 2129 4348 simus
2157 4293 2345 4363 (simul
2365 4295 2434 4364 G)
2456 4296 2508 4346 ,Ω
2538 4295 2717 4363 (uenit

419 4376 759 4430 Ionesimula
795 4376 936 4428 uilla
968 4376 1056 4445 G),
1093 4376 1253 4429 uenit
1285 4375 1338 4428 io
1377 4375 1549 4428 simus
1588 4373 1816 4442 (Simus)
1853 4376 2136 4428 Twrnebus
2163 4376 2373 4444 (uum),
2414 4375 2575 4427 uenit
2609 4375 2715 4429 ohe

422 4456 605 4510 Simus
641 4458 758 4511 Iac.
793 4457 1059 4522 Gronov„
1109 4455 1268 4509 uenit
1304 4454 1623 4508 Dorsennus
1663 4455 1746 4509 W.
1769 4456 1839 4508 A.
1859 4455 2102 4509 Schmidt
2281 4458 2348 4505 23
2387 4453 2714 4507 concinente

420 4539 651 4609 Bentley
797 4542 862 4590 27
902 4538 1068 4607 grata
1105 4535 1261 4608 (ea)
1294 4535 1525 4590 Oasaub.
