3325 5209
1123 358 1344 412 DIVVS
1384 358 1763 413 AVGVSTVS
1802 370 1933 419 [off.
1967 370 2114 420 7—10]
2670 359 2757 423 53

455 521 593 584 uias
640 520 1050 604 paucissimis
1098 522 1445 586 comitibus
1501 522 1846 608 naufragio
1894 520 2089 585 etiam
2136 520 2306 586 facto
2355 521 2756 605 subsecutus,

454 648 688 713 magno
747 649 940 711 opere
997 628 1337 713 demeruit,
1394 627 1756 713 approbata
1812 627 1939 692 cito
1997 628 2191 691 etiam
2236 649 2492 692 morum
2540 627 2755 692 indole

457 754 647 817 super
690 733 943 799 itineris
991 735 1390 800 industriam.

589 838 905 905 ·Caesare
960 845 1113 925 post
1158 847 1447 926 receptas
1496 840 1846 926 Hispanias
1893 840 2364 926 expeditionem
2420 840 2489 905 in
2543 839 2754 905 Dacos
2792 857 2823 905 2

400 973 426 1013 5
457 951 521 1010 et
566 948 713 1011 inde
759 949 830 1012 in
873 947 1153 1014 Parthos
1212 949 1575 1013 destinante
1621 949 2015 1033 praemissus
2060 946 2475 1033 Apolloniam
2523 946 2752 1011 studiis

452 1054 726 1118 uacauit.
817 1057 1025 1138 utque
1087 1058 1366 1140 primum
1437 1055 1717 1120 occisum
1783 1077 1928 1119 eum
1982 1055 2406 1138 heredemque
2461 1076 2528 1118 se
2584 1076 2753 1120 com-

451 1161 638 1247 perit,
685 1161 797 1226 diu
843 1166 1180 1227 cunctatus
1229 1186 1312 1227 an
1356 1164 1686 1247 proximas
1731 1162 2018 1249 legiones
2064 1161 2459 1245 imploraret,
2504 1160 2570 1224 id
2616 1162 2753 1245 qui·

452 1267 595 1332 dem
625 1267 963 1332 consilium
992 1273 1066 1333 ut
1102 1290 1407 1354 praeceps
1444 1270 1968 1353 inmaturumque
2006 1269 2241 1333 omisit.
2279 1271 2560 1332 ceterum
2590 1269 2750 1332 urbe

450 1376 726 1458 repetita
769 1375 1192 1440 hereditatem
1242 1377 1417 1460 adiit,
1467 1376 1807 1441 dubitante
1849 1380 2073 1459 matre,
2119 1375 2353 1440 uitrico
2389 1397 2545 1439 uero
2584 1375 2748 1439 Mar-

365 1507 419 1546 10
450 1482 549 1545 cio
614 1480 919 1566 Philippo
997 1483 1320 1547 consulari
1396 1484 1675 1547 multum
1748 1483 2171 1547 dissuadente.
2264 1486 2460 1565 atque
2524 1482 2605 1546 ab
2671 1504 2746 1547 60
2787 1495 2818 1543 3

448 1592 739 1671 tempore
786 1588 1173 1654 exercitibus
1223 1590 1610 1674 comparatis
1666 1590 1947 1674 primum
2002 1610 2146 1653 cum
2193 1589 2281 1653 M.
2327 1588 2614 1653 Antonio
2661 1588 2747 1653 M.

384 1769 397 1780 .
450 1716 576 1777 que
620 1693 865 1780 Lepido
876 1746 893 1778 ,
950 1694 1173 1759 deinde
1230 1699 1485 1759 tantum
1535 1718 1681 1759 cum
1726 1694 2012 1762 Antonio
2069 1718 2186 1779 per
2232 1695 2565 1769 duodecim
2613 1694 2748 1760 fere

446 1823 648 1865 annos
657 1851 674 1884 ,
728 1800 1080 1866 nouissime
1135 1823 1254 1885 per
1309 1805 1615 1885 quattuor
1672 1806 1737 1865 et
1795 1801 2219 1888 quadraginta
2276 1802 2452 1867 solus
2502 1825 2637 1867 rem
2683 1826 2746 1887 p.

445 1909 673 1972 tenuit.

362 2039 414 2080 15
625 2014 966 2098 Proposita
1026 2016 1201 2079 uitae
1257 2015 1394 2079 eius
1451 2015 1631 2079 uelut
1696 2037 1944 2079 summa
2009 2016 2308 2099 parte<s>
2363 2015 2742 2101 singillatim
2773 2013 2818 2077 9

442 2140 654 2203 neque
699 2142 816 2204 per
861 2125 1155 2207 tempora
1201 2122 1313 2186 sed
1367 2143 1484 2206 per
1530 2124 1777 2206 species
1834 2143 2139 2205 exequar,
2198 2143 2327 2204 quo
2378 2121 2743 2187 distinctius

445 2226 872 2292 demonstrari
920 2229 1356 2315 cognoscique
1401 2229 1674 2313 possint.
1881 2265 1940 2298 cx.
1993 2265 2056 2306 ,2-
2466 2269 2492 2303 a

619 2333 803 2398 Bella
876 2335 1097 2454 ciuilia
1162 2336 1483 2428 quinque
1522 2336 1753 2421 gessit:
1834 2334 2226 2419 Mutinense,
2306 2333 2740 2418 Philippense,

438 2411 848 2525 Ρ6111311111111,
906 2415 1223 2526 Siculum,
1282 2441 1647 2527 Actiacum3
1704 2464 1738 2506 e
1786 2441 2025 2524 quibus
2071 2443 2352 2525 primum
2408 2461 2483 2505 ac
2527 2440 2742 2505 nouis-

356 2574 412 2614 20
441 2548 676 2611 simum
725 2547 1031 2612 aduersus
1069 2547 1155 2612 M.
1194 2547 1571 2633 Antonium,
1617 2494 1966 2613 secundum
2010 2548 2316 2612 aduersus
2353 2546 2630 2612 Brutum
2676 2553 2741 2612 et

443 2652 760 2739 Cassium,
823 2657 1089 2719 tertium
1155 2655 1460 2720 aduersus
1513 2655 1585 2719 L.
1632 2654 1991 2721 Antonium
2062 2655 2391 2720 triumuiri
2453 2654 2739 2740 fratrem,

442 2765 747 2841 quartum
803 2762 1107 2826 aduersus
1164 2760 1431 2827 Sextum
1478 2761 1857 2846 Pompeium
1917 2760 2028 2826 Cn.
2064 2760 2356 2850 f(ilium).
2449 2764 2737 2828 omnium
2759 2756 2846 2822 10

439 2865 759 2932 bellorum
806 2869 1068 2933 initium
1114 2873 1177 2933 et
1215 2890 1472 2933 causam
1507 2868 1661 2934 hinc
1699 2871 2002 2953 sumpsit:
2047 2869 2214 2933 nihil
2250 2870 2737 2935 conuenientius

439 2972 675 3039 ducens
735 2997 928 3057 quam
981 2995 1203 3039 necem
1270 2976 1573 3040 auunculi
1629 2976 1956 3040 uindicare
2011 2976 2309 3061 tuerique
2365 2980 2532 3061 acta,
2590 2998 2735 3041 con-

355 3107 409 3147 ²5
438 3080 655 3144 festim
702 3084 777 3144 ut
822 3080 1173 3166 Apollonia
1217 3082 1426 3166 rediit,
1469 3082 1746 3147 Brutum
1792 3083 2210 3166 Cassiumque
2257 3088 2320 3147 et
2365 3084 2433 3146 ui
2480 3084 2734 3168 necopi-

585 3279 651 3326 10
688 3275 926 3343 Eutrop.
967 3276 1093 3330 VII
1122 3280 1185 3342 8,
1211 3279 1250 3329 2
1316 3292 1383 3329 ex
1439 3291 1504 3328 eo
1561 3292 1680 3328 rem
1737 3274 2024 3344 publicam
2078 3292 2180 3345 per
2233 3275 2613 3345 quadraginta
2677 3279 2734 3328 et

441 3356 710 3422 quattuor
754 3370 930 3409 annos
978 3355 1129 3409 solus
1176 3356 1438 3410 obtinuit.
1513 3359 1645 3411 ante
1694 3356 1845 3409 enim
1892 3356 2189 3409 duodecim
2236 3356 2398 3409 annis
2444 3373 2570 3408 cum
2617 3356 2733 3408 An-

436 3434 593 3487 tonio
633 3436 690 3487 et
727 3434 940 3504 Lepido
976 3438 1236 3489 tenuerat
1275 3437 1360 3504 (ef.
1394 3437 1516 3490 VII
1546 3441 1601 3503 8,
1622 3440 1694 3505 3).
1753 3437 1872 3491 VII
1897 3441 1951 3504 8,
1979 3441 2014 3489 4
2051 3436 2432 3505 quadraginta
2475 3439 2531 3490 et
2568 3438 2731 3503 quat-

435 3515 566 3566 tuor
602 3515 782 3581 annis,
820 3514 1025 3583 quibus
1064 3516 1213 3570 solus
1252 3516 1426 3585 gessit
1464 3517 1777 3585 imperium.
1853 3518 2008 3585 Epit.
2040 3522 2091 3583 1,
2121 3521 2193 3570 30
2229 3516 2532 3584 imperauit
2569 3517 2731 3569 annis

437 3593 854 3664 quinquaginta
892 3597 949 3648 et
978 3611 1089 3662 sex,
1129 3596 1422 3649 duodecim
1453 3613 1580 3650 cum
1609 3596 1873 3663 Antonio,
1911 3596 2290 3667 quadraginta
2317 3613 2450 3649 uero
2479 3599 2538 3650 et
2565 3600 2732 3664 quat-

435 3677 564 3728 tuor
611 3673 760 3727 solus
811 3677 900 3744 (cf.
952 3677 1085 3730 Vict.
1128 3677 1276 3731 Caes.
1318 3683 1366 3744 1,
1393 3681 1466 3746 2).
1552 3680 1762 3731 Auson.
1792 3680 1932 3744 258,
1960 3681 1999 3731 2
2046 3678 2331 3746 Augustus
2377 3681 2507 3745 post
2551 3677 2731 3730 lustra

436 3753 629 3807 decem
668 3770 763 3808 sex
809 3758 1077 3826 prorogat
1115 3772 1306 3810 annos.
1471 3762 1537 3810 15
1576 3759 1644 3824 cf.
1685 3759 1761 3811 ad
1788 3775 1905 3825 cap.
1940 3762 2007 3811 61
2176 3762 2239 3810 18
2284 3757 2431 3812 Oros.
2475 3759 2561 3811 VI
2584 3762 2732 3824 18,2

435 3834 588 3888 bella
617 3835 811 3889 ciuilia
841 3836 1089 3903 quinque
1109 3837 1311 3906 gessit.-
1340 3837 1674 3901 Mutinense,
1696 3836 2074 3905 Philippense,
2095 3836 2440 3906 Perusinum,
2463 3837 2728 3903 Siculum,

434 3915 745 3969 Actiacum.
804 3931 834 3968 e
865 3916 1068 3984 quibus
1097 3916 1226 3984 duo,
1253 3916 1359 3969 hoc
1389 3919 1474 3969 est
1492 3918 1735 3986 primum
1756 3934 1821 3970 ac
1841 3917 2225 3983 nouissimum,
2246 3918 2513 3971 aduersus
2530 3918 2602 3971 M.
2618 3921 2729 3971 An-

432 3995 670 4062 tonium,
701 3996 1007 4049 secundum
1035 3998 1303 4051 aduersus
1332 3997 1568 4050 Brutum
1596 3999 1653 4050 et
1683 3996 1953 4064 Cassium,
1975 3998 2207 4050 tertium
2235 3998 2504 4051 aduersus
2534 3998 2591 4050 L.
2618 4000 2728 4051 An-

432 4074 676 4142 tom‘um,
726 4079 988 4143 quartum
1026 4078 1294 4130 aduersus
1334 4077 1454 4132 Sex.
1495 4077 1823 4146 Pompeium
1861 4076 1956 4131 Cn.
1987 4077 2217 4146 Pompei
2255 4077 2431 4131 filium
2468 4077 2725 4132 confecit.

577 4248 608 4296 3
646 4243 927 4298 industria
955 4250 1014 4298 X
1017 4244 1030 4262 '
1145 4251 1175 4299 5
1206 4247 1265 4298 in
1293 4263 1392 4300 om.
1417 4248 1501 4314 M,
1539 4247 1667 4313 fort.
1697 4253 1832 4301 recte
1861 4247 1951 4314 (cf.
1973 4264 2033 4316 p.
2056 4252 2143 4314 19,
2162 4248 2219 4315 2)
2331 4252 2362 4299 6
2391 4247 2555 4314 utqui
2586 4250 2661 4302 M

433 4339 560 4375 611111
598 4340 700 4377 om.
744 4324 795 4378 G
967 4343 1026 4379 se
1064 4342 1165 4379 om.
1208 4325 1351 4379 (ἶΠι
1524 4332 1588 4381 12
1629 4327 1835 4381 deinde
1875 4330 1971 4393 M,
2018 4327 2149 4380 dein
2184 4328 2305 4393 rel„
2351 4329 2550 4381 rectius
2586 4335 2727 4395 puto

435 4409 501 4456 15
539 4405 700 4472 parte
729 4406 800 4470 Ω,
840 4422 977 4460 corr.
1016 4407 1096 4460 ed.
1127 4408 1284 4460 Rom.
1316 4408 1390 4460 II
1411 4406 1524 4474 (ςὲ)
1673 4412 1738 4461 17
1777 4407 1957 4477 possit
1985 4412 2038 4460 X
2181 4414 2244 4460 21
2286 4407 2569 4460 triumuiri
2605 4409 2724 4473 TT,

429 4482 604 4536 trium
629 4483 817 4537 uirum
844 4486 937 4539 rel.
1086 4492 1152 4539 22
1182 4485 1359 4539 filium
1382 4487 1596 4541 GYPT
1735 4493 1800 4540 25
1822 4490 1880 4540 et
1898 4488 2015 4540 uim
2039 4488 2200 4553 GYS,
2228 4504 2329 4556 per
2354 4487 2472 4541 uim
2495 4489 2726 4557 Bentley
