3325 5209
595 338 645 391 X
1534 337 1946 392 PRAEFATIO

595 499 774 565 mum.
791 498 840 587 ¹)
923 510 1011 565 est
1058 511 1258 565 autem
1304 506 1429 566 cod.
1458 506 1764 566 Parisinus
1801 525 2045 567 numero
2082 526 2237 567 nunc
2269 509 2438 567 6115
2480 501 2654 587 (olim
2685 503 2889 591 5984)

488 601 570 657 M
595 595 912 656 distinctus
961 588 1135 676 (mihi
1180 587 1321 676 M),
1376 597 1602 655 formae
1650 598 2072 671 quartanariae
2118 598 2182 655 in
2226 596 2570 656 membrana
2617 617 2765 657 saec.
2804 599 2890 658 IX

594 685 843 761 pulchre
907 688 1165 761 scriptus
1232 677 1317 766 (u.
1354 685 1474 745 tab.
1514 685 1560 743 I.
1610 677 1727 766 ΙΙ),
1783 685 2060 744 foliorum
2113 678 2323 760 1252)
2413 687 2475 744 in
2531 688 2662 746 folii
2709 690 2889 764 primi

594 776 865 852 margine
912 776 1210 851 superiore
1259 775 1449 834 altera
1496 792 1707 833 manus
1754 765 2004 855 (saeculi
2033 773 2098 832 'X
2145 778 2215 833 ut
2257 768 2524 855 uidetur)
2572 777 2894 853 adscripsit

596 864 842 923 titulum
904 863 1086 923 hunc:
1159 866 1364 936 incipit
1424 863 1736 923 Suetonius
1748 854 1799 944 ³)
1863 866 1935 922 dc
1997 867 2124 922 uita
2187 864 2409 923 cesario.
2510 883 2668 924 nwnc
2726 872 2891 939 qesta

595 956 827 1012 cesaria
918 953 1207 1029 prodiisse
1285 972 1316 1009 e
1381 972 1453 1014 s..
1481 952 1731 1012 Martini
1804 953 2160 1013 Turonensis
2233 955 2543 1030 inscriptio
2614 959 2891 1031 testatur,

598 1061 777 1117 quam
830 1043 895 1101 in
950 1043 1145 1118 primo
1200 1043 1347 1100 folio
1402 1041 1888 1101 bibliothecarius
1937 1043 2153 1118 aliquis
2209 1044 2443 1103 saeculo
2490 1043 2606 1102 XII
2662 1048 2891 1120 posuit:

595 1135 701 1190 iste
763 1132 908 1191 liber
965 1136 1046 1190 est
1106 1132 1180 1188 de
1234 1134 1495 1190 armario
1550 1127 1613 1190 bi
1656 1128 1900 1190 martini
1939 1127 2041 1190 'tui‘
2052 1124 2134 1212 4),
2198 1132 2535 1207 ibidemque
2582 1138 2890 1194 exaratum

597 1239 721 1279 esse
767 1221 866 1280 uel
911 1239 941 1280 e
987 1220 1325 1279 litterarum
1371 1239 1582 1297 genere
1628 1221 1837 1279 elucet.
1851 1212 1904 1301 ⁵)
1997 1221 2231 1281 saeculo
2278 1221 2421 1279 XVI
2464 1223 2529 1280 in
2573 1222 2888 1282 bibliothe-

595 1329 726 1368 cam
770 1309 1017 1368 Henrici
1061 1309 1328 1367 Memmii
1374 1300 1475 1390 (de
1521 1301 1803 1389 Mesmes)
1849 1309 2138 1384 peruenit,
2191 1313 2357 1369 cuius
2402 1313 2641 1370 nomine
2685 1312 2886 1370 hodie-

595 1417 707 1474 que
745 1398 983 1457 laudari
1028 1399 1196 1472 solet,
1243 1401 1373 1457 tum
1410 1417 1557 1458 saec.
1587 1398 1794 1456 XVIII
1827 1399 2070 1457 ineunte
2106 1400 2167 1456 in
2207 1401 2435 1476 regiam
2471 1395 2888 1482 Parisinam.⁶)

591 1489 685 1545 usi
733 1492 871 1546 sunt
915 1487 1086 1560 libro,
1133 1490 1298 1546 cuius
1342 1487 1773 1563 praestantiam
1811 1487 1884 1546 ab
1907 1485 2099 1547 'initio
2140 1485 2340 1546 o'mn'es
2377 1489 2889 1565 praedicanerunt,

590 1578 861 1652 plurimi,
924 1579 1151 1652 primus
1206 1580 1279 1636 ut
1334 1576 1573 1635 uidetur
1614 1575 1958 1635 Hadrianus
2007 1576 2341 1652 Turnebus,
2402 1577 2612 1637 deinde
2671 1578 2888 1640 Casau-

590 1665 806 1739 bonus,
869 1658 1260 1747 Salmasius&
1326 1657 1632 1747 aliique.⁸)
1678 1684 1683 1688 ·
1725 1664 1953 1724 nostra·
1992 1669 2190 1725 aetate
2257 1666 2447 1726 denuo
2511 1669 2892 1728 contulerunt

591 1755 750 1813 Roth
824 1747 1086 1836 (1855),
1152 1753 1219 1813 G.
1284 1755 1509 1815 Becker
1573 1746 1836 1835 (1856),
1901 1754 2364 1817 Preud’homme.
2464 1757 2590 1833 ipse
2664 1760 2891 1817 excussi

592 1863 644 1903 a.
681 1845 848 1902 1893
898 1847 960 1902 et
999 1845 1166 1903 1895
1217 1863 1613 1923 magnamque
1658 1848 1893 1920 partem
1939 1845 2260 1923 recognoui
2305 1863 2357 1904 a.
2392 1848 2563 1905 1900
2602 1849 2663 1905 et
2701 1849 2887 1907 1904.

461 1927 565 1994 M²
589 1933 960 1993 incommode
1025 1936 1222 1993 autem
1289 1933 1505 1992 accidit
1558 1936 1626 1991 ut
1682 1931 1953 2011 egregius
2018 1933 2170 1992 liber
2225 1934 2600 2009 eorrectoris,
2661 1938 2733 2000 ,ut
2787 1935 2888 1997 ad-

593 2023 762 2096 solet,
811 2041 1050 2080 manum
1098 2026 1372 2097 expertus
1420 2025 1526 2093 sit,
1587 2023 1753 2082 cuius
1802 2025 2060 2082 aetatem
2108 2025 2442 2081 accuratius
2490 2025 2725 2101 assequi
2770 2044 2887 2083 non

592 2114 779 2187 potui,
828 2111 933 2187 qui
976 2114 1180 2170 tamen
1226 2113 1372 2171 satis
1420 2111 1724 2186 antiquus,
1771 2115 1926 2169 certe
1974 2112 2210 2170 saeculo
2238 2111 2355 2169 XII
2399 2130 2519 2170 non
2565 2117 2653 2173 est
2693 2120 2889 2189 poste-

592 2203 727 2259 rior.
821 2199 980 2259 idem
1034 2218 1176 2258 uero
1236 2202 1447 2275 opinor
1493 2203 1583 2259 est
1630 2201 1736 2274 qui
1783 2201 1991 2276 primis
2039 2199 2257 2258 codicis
2304 2200 2540 2278 paginis
2587 2203 2686 2260 uel
2732 2204 2892 2261 inter

594 2308 797 2348 uersus
844 2289 942 2347 uel
989 2288 1066 2347 ad
1110 2291 1439 2366 marginem
1482 2289 1712 2366 glossas
1750 2289 1994 2362 adleuit,
2042 2307 2191 2363 quas
2229 2288 2324 2347 hic
2361 2293 2629 2364 repetere
2666 2283 2889 2371 nolo.9)

592 2398 713 2437 non
756 2379 964 2453 paucis
1010 2377 1156 2436 locis
1213 2377 1510 2436 dubitatio
1564 2378 1942 2453 relinquitur,
2002 2377 2063 2435 id
2122 2378 2278 2453 quod
2334 2378 2559 2454 passim
2603 2380 2890 2454 indicaui,

592 2472 792 2526 utrum
847 2469 964 2543 ipsi
1017 2466 1264 2526 librario
1318 2466 1644 2526 debeantur
1695 2467 2008 2526 emendata
2061 2486 2137 2525 an
2194 2469 2512 2525 correctori
2558 2471 2619 2526 et
2664 2470 2889 2545 glossa·

592 2558 736 2630 tori,
801 2557 863 2614 id
926 2555 1085 2632 quod
1149 2556 1313 2616 cadit
1376 2556 1629 2615 maxime
1692 2557 1758 2615 in
1821 2559 2042 2632 puncta
2107 2554 2445 2614 litterarum
2506 2556 2891 2622 delendarum

593 2664 774 2704 causa
837 2663 1018 2721 supra
1080 2646 1178 2703 uel
1241 2645 1401 2704 infra
1465 2647 1664 2721 posita
1728 2665 1917 2720 neque
1981 2646 2179 2703 minus
2244 2647 2307 2702 in
2369 2645 2600 2706 litteras
2657 2648 2892 2723 scalpro

593 2752 818 2808 erasaS,
882 2734 1046 2793 cuius
1094 2737 1327 2811 generis
1374 2736 1426 2791 si
1470 2753 1586 2793 non
1637 2736 1837 2793 omnia
1885 2737 1950 2792 at
1994 2734 2277 2810 pleraque
2303 2736 2642 2809 ¹posteriori
2686 2737 2892 2795 manui

773 2925 824 2991 1)
861 2922 1192 2976 Accuratius
1221 2922 1434 2990 primus
1466 2921 1765 2990 descripsit
1797 2921 1939 2975 Roth
1970 2921 2145 2990 praef.
2176 2940 2230 2990 p.
2261 2921 2362 2974 XX
2383 2940 2521 2991 sqq„
2561 2923 2630 2977 cf.
2662 2923 2893 2977 Preud’-

591 2994 831 3060 homme,
869 2993 1173 3047 Troisieme
1214 2994 1379 3046 etude
1418 3011 1472 3060 p.
1505 2998 1588 3047 63.

772 3069 824 3135 2)
862 3065 1022 3119 Folia
1058 3065 1304 3118 numeris
1337 3067 1534 3117 notata
1574 3066 1706 3118 sunt
1737 3070 1973 3131 1—116‚
2014 3070 2292 3119 118-126
2334 3068 2456 3134 (117
2489 3066 2726 3120 omissus
2766 3069 2889 3136 est).

593 3137 886 3204 quaternio
938 3140 1170 3204 quartus
1222 3139 1346 3189 octo
1398 3135 1551 3188 foliis
1600 3138 1869 3205 (41—48)
1923 3136 2397 3205 comprehendens
2449 3138 2622 3191 uerba
2673 3138 2802 3191 inde
2856 3156 2893 3192 a

591 3227 646 3277 p.
679 3213 763 3275 70,
795 3214 860 3278 10
900 3211 1094 3289 titulis·
1122 3225 1298 3282 usque
1345 3226 1399 3290 p.
1432 3212 1517 3273 94,
1549 3214 1613 3260 19
1658 3208 1944 3262 Corinthia
1980 3207 2293 3278 bibliopegi
2340 3208 2701 3278 neglegentia
2742 3209 2887 3264 male

592 3278 1944 3475 contlp{gfsselsegdtidgogffetgffildgmditt‘adfirmat
1979 3349 2047 3402 H.
2079 3350 2356 3421 Lebegue‚
2394 3351 2485 3404 cui
2523 3369 2560 3405 a
2597 3370 2664 3404 ex
2700 3370 2731 3405 o
2770 3369 2887 3405 cor-

590 3439 680 3475 reo
711 3440 744 3475 a
780 3441 906 3476 uisa
943 3432 1044 3476 est.

771 3497 824 3562 4)
861 3494 998 3547 Inde
1037 3493 1209 3547 etiam
1251 3492 1670 3547 ‘Turonensem’
1715 3491 2095 3560 appellabant.

771 3568 823 3634 5)
863 3564 943 3619 Cf.
982 3565 1131 3617 infra
1167 3583 1220 3632 p.
1251 3563 1419 3620 XXV.
1495 3565 1562 3617 de
1603 3564 1911 3632 scripturae
1952 3564 2297 3633 compendiis
2335 3583 2389 3633 p.
2420 3564 2638 3619 XXVH.

773 3640 825 3703 6)
863 3636 926 3688 In
963 3637 1086 3704 ipso
1117 3636 1307 3689 codice
1335 3654 1505 3689 manu
1534 3636 1746 3689 recenti
1777 3634 2123 3702 adscriptum
2161 3640 2246 3689 est
2278 3635 2486 3690 ‘Codex
2518 3637 2890 3690 Memmianus

591 3707 740 3760 inter
784 3707 1140 3777 BigotianOS,
1193 3713 1311 3761 196.
1377 3708 1441 3761 R.
1483 3708 1663 3761 5984’.
1741 3723 1886 3759 anno
1938 3712 2073 3760 1706
2125 3707 2344 3761 uenalis
2395 3709 2718 3776 propositus
2766 3711 2888 3761 erat

592 3779 740 3831 inter
776 3778 1148 3847 -Bigotianos3
1202 3778 1270 3832 cf.
1325 3778 1382 3831 L.
1428 3777 2076 3844 DelislesBibliotheca
2129 3778 2432 3852 Bigotiana
2487 3780 2887 3848 manuscripta.

593 3849 898 3919 Catalogue
939 3851 1035 3903 des
1074 3868 1203 3903 mss.
1252 3849 1585 3903 rassembles
1635 3867 1706 3902 au
1737 3848 1911 3902 XVH0
1950 3849 2115 3903 siecle
2164 3868 2267 3918 par
2312 3847 2408 3903 les'
2432 3850 2626 3917 Bigot,
2673 3851 2779 3904 mis
2819 3870 2888 3904 en

591 3924 756 3975 vente
796 3938 867 3974 au
903 3921 1045 3974 mois
1085 3923 1153 3974 de
1185 3920 1381 3989 juillet
1411 3927 1566 3988 1706,
1605 3920 1963 3989 aujourd'hui
2006 3924 2294 3975 conserves
2335 3923 2369 3974 a
2405 3921 2464 3974 la
2491 3921 2889 3990 Bibliotheque

590 3991 892 4046 Nationale
933 3992 1147 4061 (Rouen
1188 3995 1346 4062 1877)
1384 4012 1437 4061 p.
1470 3999 1535 4047 56
1576 4011 1657 4045 nr.
1694 3998 1792 4045 196
1833 3995 1890 4044 et
1926 4011 1979 4060 p.
2011 3991 2151 4046 XIX.

771 4067 822 4132 7)
859 4064 993 4117 Inde
1027 4063 1385 4117 ‘Salmasiani
1416 4064 1646 4117 codicis’
1688 4064 1898 4116 mentio
1938 4064 2090 4133 apud
2120 4063 2417 4117 Graevium
2452 4064 2718 4133 aliosque.
2759 4083 2887 4118 con-

592 4136 801 4188 tulerat
839 4135 1144 4188 Salmasius
1194 4136 1265 4188 ad
1314 4135 1627 4189 Casauboni
1678 4135 1993 4203 exemplum
2030 4138 2103 4205 (a.
2137 4138 2322 4204 1610),
2370 4136 2520 4204 quod
2569 4140 2890 4190 asseruatur

591 4206 650 4258 in
688 4206 1034 4261 bibliotheca
1071 4207 1347 4260 Leidensi.

771 4282 823 4347 8)
861 4279 1099 4332 Ricardo
1133 4278 1366 4347 Bentley
1396 4296 1444 4331 a.
1478 4283 1612 4331 1719
1643 4277 1885 4332 contulit
1911 4278 2057 4331 John
2086 4278 2336 4346 Walker,
2375 4279 2443 4333 cf.
2477 4279 2755 4334 Sitz.·Ber.
2788 4278 2887 4331 der

590 4348 646 4403 k.
676 4349 858 4406 Akad.
899 4352 997 4403 der
1038 4350 1517 4403 Wissenschaften
1555 4367 1622 4401 zu
1660 4350 1851 4403 Berlin
1891 4356 2025 4403 1901
2066 4369 2120 4419 p.
2152 4355 2271 4403 678.

772 4424 822 4489 9)
860 4421 1241 4475 Notabiliores
1281 4421 1529 4474 breuiter
1566 4422 1864 4474 adnotatas
1912 4422 2064 4474 edidi
2108 4422 2295 4475 Herm.
2327 4428 2393 4475 36
2432 4440 2487 4490 p.
2520 4426 2751 4489 357·sq.;
2801 4439 2884 4473 se-

590 4493 766 4545 lectas
805 4510 1014 4562 paucas
1051 4493 1110 4545 in
1149 4492 1547 4546 commentario
1586 4492 1781 4545 critico
1821 4493 2003 4546 attuli.
2967 4505 2975 4510 ·
