3325 5209
595 362 825 417 XXVIII
1536 355 1947 412 PRAEFATIO

598 524 825 609 (cpulit,
871 521 1070 611 edito),
1114 481 1188 587 νη·
1218 547 1356 587 men
1398 519 1578 608 (aym,
1615 520 1753 601 tam,
1789 518 2035 608 iumtis),
2080 545 2114 583 r
2158 528 2301 584 runt
2342 517 2522 605 (fuer,
2565 522 2899 611 memmei),

597 617 627 697 ἷ
671 641 767 697 ter
812 630 958 718 (αἰᾳε
969 681 984 710 ,
1040 638 1217 710 τνονέ,
1257 630 1353 709 In‘,
1414 635 1597 693 etiam
1645 626 1840 714 ΡΑΤ),
1903 652 1946 690 u
1989 635 2080 693 uit
2130 624 2410 735 (temari),
2473 628 2515 692 a}
2556 637 2646 693 xit
2691 626 2892 716 (fimetis),

597 729 650 786 d
682 727 773 787 dit
819 719 984 808 (ded,
1028 715 1285 805 intend),
1331 720 1386 783 t*
1418 727 1520 783 tur
1565 715 1872 803 (mfpbaff,
1926 724 2076 783 talia
2121 742 2241 781 non
2285 723 2481 783 minus
2526 742 2663 783 rara
2710 744 2892 800 quam

598 818 767 890 temp’
792 817 987 875 nanct’
1025 807 1152 894 ei’);
1187 817 1231 872 ᾖ
1257 805 1363 895 (N)
1392 832 1529 902 non,
1576 815 1611 870 ἔ
1634 816 1743 887 est,
1780 831 1838 872 ee
1879 830 2004 872 esse
2044 806 2173 892 (eet,
2221 806 2360 881 eent,
2403 828 2486 871 ee.
2497 805 2691 893 do),
2656 828 2685 867 s
2727 819 2895 890 sunt;

599 899 716 984 auf
747 926 967 997 autem,
1014 922 1099 995 qd*
1136 921 1291 996 quod
1306 913 1356 999 1)
1369 964 1384 994 ,
1439 938 1474 992 q
1521 911 1810 999 (rarum),
1865 939 1959 994 qm
2005 921 2065 978 et
2110 938 2246 993 qum
2292 921 2600 997 quoniam,
2655 939 2787 980 oma
2833 925 2894 981 et

598 1030 754 1071 omna
802 1013 1019 1085 omnia,
1063 1029 1187 1069 oms
1233 1028 1449 1069 omnes.
1465 1001 1517 1089 ²)
1608 1008 1955 1086 singularia,
2001 1010 2052 1068 si
2091 1011 2251 1068 recte
2287 1009 2433 1086 uidi,
2478 1010 2649 1069 haec:
2695 1008 2769 1069 dr
2805 1011 2893 1069 di·

599 1102 780 1176 citur,
834 1100 1133 1173 discipbos,
1194 1100 1307 1158 nob
1370 1098 1566 1173 nobiS,
1630 1098 1765 1157 sedo
1828 1098 2111 1193 secundo,
2169 1095 2295 1170 tepr
2347 1103 2641 1174 tempore,
2703 1101 2894 1171 ῖῦηκὸῖη

599 1193 661 1264 ιιι
700 1190 973 1250 omnibus
984 1181 1055 1271 ⁸),
1100 1187 1586 1263 insolentiusque,
1634 1206 1768 1247 cum
1806 1188 1952 1247 alibi
1990 1205 2100 1246 nro
2135 1207 2252 1247 nra
2298 1188 2369 1246 de
2407 1206 2568 1247 more
2606 1190 2893 1265 scriptum

596 1281 692 1353 sit,
737 1275 838 1338 nrt
881 1297 989 1355 pro
1036 1281 1238 1337 noster
1284 1278 1432 1351 345,
1438 1278 1537 1335 22.
1548 1270 1598 1353 4)

773 1368 863 1427 De
911 1368 1176 1444 capitum
1231 1365 1613 1425 distinctione
1626 1410 1641 1439 ,
1697 1384 1879 1441 quam
1926 1385 2106 1442 supra
2149 1368 2353 1445 tetigi,
2413 1367 2632 1427 Rothio
2682 1360 2894 1449 (praef.

600 1478 657 1534 p.
685 1449 831 1537 XII)
880 1454 1336 1515 adsentiendum
1376 1455 1512 1529 fuit,
1559 1457 1666 1530 qui
1702 1457 1816 1514 etsi
1853 1454 2119 1514 ordinem
2167 1455 2634 1532 numerandique
2671 1476 2896 1516 morem

600 1567 636 1606 a
682 1546 889 1606 scribis
938 1545 1160 1603 saeculi
1205 1543 1316 1601 XV
1362 1543 1672 1605 inductum
1684 1535 1737 1622 5)
1784 1546 1844 1602 et
1891 1543 1965 1603 ab
2012 1544 2261 1604 Erasmo
2310 1547 2375 1603 in
2422 1545 2680 1605 editione
2725 1546 2897 1605 Basi-

598 1635 783 1695 leensi
829 1637 1100 1693 sanctum
1148 1633 1421 1709 quamuis
1467 1652 1585 1692 non
1640 1652 1780 1693 raro
1834 1628 2361 1693 incommodiorem
2405 1638 2638 1693 mutare
2683 1635 2898 1710 noluit,

597 1729 800 1785 tamen
845 1723 1110 1799 capitum
1158 1722 1513 1782 diuisionem
1561 1723 1760 1799 qualis
1806 1724 1869 1782 in
1911 1723 2268 1782 Memmiano
2313 1724 2568 1799 perbene
2613 1725 2900 1783 instituta

597 1813 1082 1891 deprehenditur,
1154 1811 1362 1871 lectori
1436 1813 1869 1871 uersiculorum
1931 1812 2121 1871 initiis
2184 1814 2445 1874 reductis
2519 1813 2900 1873 indicandam

598 1904 852 1976 censuit,
916 1902 1122 1977 paucis
1177 1901 1591 1961 tantummodo
1647 1903 1826 1960 aliter
1886 1901 2318 1961 administratis
2366 1914 2520 1977 quae
2565 1904 2898 1961 necessario

597 1990 940 2069 refingenda
986 1994 1171 2049 erant.
1186 1982 1238 2070 ⁶)
1329 1990 1547 2066 reliqui
1594 1991 1824 2049 codices
1870 1992 2094 2068 partim
2141 2010 2276 2050 cum
2317 1993 2400 2049 M
2438 1993 2815 2050 consentiunt
2827 1984 2902 2073 ⁷),

596 2083 817 2158 partim
879 2079 1242 2155 discrepant3
1308 2083 1466 2138 certe
1511 2079 1623 2138 hac
1671 2099 1909 2156 quoque
1953 2081 2018 2138 in
2064 2099 2127 2138 re
2173 2080 2314 2138 libri
2358 2081 2667 2157 archetypi
2712 2083 2900 2140 ueris·

598 2169 748 2231 sima
794 2171 995 2247 imago
1041 2169 1434 2228 Memmianus
1480 2169 1785 2245 putandus
1834 2173 1939 2228 est.

776 2348 866 2407 De
921 2352 1160 2406 nostrae
1226 2347 1505 2406 editionis
1567 2347 1800 2405 ratione
1858 2347 2006 2405 haec
2060 2347 2181 2405 fere
2244 2347 2555 2407 adicienda
2600 2348 2901 2406 uidentur.

597 2435 884 2498 breuitati
946 2442 1014 2495 ut
1078 2436 1445 2495 consulerem
1515 2436 1844 2511 permultas
1919 2436 2185 2495 codicum
2249 2437 2560 2518 lectiones*
2597 2439 2902 2514 suppressi

597 2528 933 2602 multasque
989 2526 1259 2583 uirorum
1314 2524 1621 2584 doctorum
1677 2527 2072 2600 coniecturaS,
2135 2527 2210 2583 iis
2256 2527 2509 2584 maxime
2555 2519 2728 2600 IociS,
2795 2528 2902 2602 qui

779 2717 830 2797 1)
869 2715 1003 2783 quid
1040 2715 1097 2768 et
1135 2713 1277 2782 quod
1315 2711 1573 2767 confusa:
1623 2718 1780 2781 85‚24
1822 2719 1942 2776 96,8
1982 2719 2191 2781 331,12.
2258 2714 2475 2767 minora
2509 2731 2623 2768 non
2660 2731 2906 2768 comme-

598 2804 837 2841 moram.

779 2861 832 2926 2)
872 2862 1064 2924 260,10
1104 2857 1217 2911 offis
1251 2855 1395 2909 falso
1433 2872 1534 2925 pro
1574 2858 1765 2910 omnic.

778 2932 831 2998 3)
868 2927 987 2981 Hoc
1015 2929 1115 2982 Iul.
1140 2934 1205 2983 13
1235 2946 1290 2996 p.
1314 2933 1460 2993 6,22;
1489 2927 1801 2981 notandum
1822 2931 2011 2982 autern
2033 2931 2118 2981 est
2137 2928 2289 2981 uitae
2315 2927 2448 2982 Diui
2467 2928 2573 2982 Iuli
2602 2929 2794 2997 capita
2815 2935 2903 2981 11.

603 3007 684 3055 12.
710 3006 773 3053 13
804 3000 862 3053 ιιι
893 2999 1064 3052 litura
1092 3000 1304 3083 scripta
1332 3014 1451 3052 esse
1481 3000 1852 3068 compressius
1880 3002 2111 3068 propter
2149 2998 2319 3069 spatii
2349 3000 2638 3069 angustias
2667 3000 2903 3053 litteris-

603 3089 710 3269 {ue
749 3071 1572 3267 ssussidgnguogebfflraubffi
1622 3142 1867 3195 Perrona
1916 3119 2207 3195 Scotorum
2245 3161 2298 3211 p.
2331 3148 2461 3210 524,
2500 3143 2580 3222 *de
2618 3143 2725 3195 hac
2762 3143 2904 3197 nota

643 3231 768 3269 ocul
800 3256 811 3268 .
2503 3225 2508 3231 ’

779 3288 831 3354 5)
885 3284 1016 3339 Sine
1066 3286 1319 3354 capitum
1379 3285 1623 3338 numeris
1676 3283 1913 3354 uulgata
1974 3284 2263 3339 distinctio
2317 3285 2553 3339 adiectis
2606 3302 2901 3355 argumen-

602 3360 785 3412 torum
814 3357 997 3410 titulis
1027 3357 1141 3410 iarn
1171 3359 1327 3411 extat
1354 3356 1414 3409 in
1444 3356 1691 3410 editione
1721 3356 1941 3409 Veneta
1968 3356 2151 3425 prima
2180 3375 2228 3409 a.
2262 3362 2395 3410 1471
2430 3359 2486 3409 et
2513 3358 2571 3409 in
2602 3374 2901 3426 anonyma.

780 3432 832 3498 6)
870 3428 1090 3497 Vbique
1122 3428 1239 3482 fere
1268 3428 1411 3481 talia
1448 3445 1482 3481 a
1508 3428 1716 3481 Rothio
1754 3427 1950 3481 reficta
1977 3428 2180 3496 recepi.
2256 3429 2439 3482 adieci
2468 3429 2536 3482 de
2574 3445 2696 3482 meo
2736 3445 2899 3498 para-

601 3500 941 3571 graphorum
979 3516 1254 3567 numeros,
1293 3500 1391 3553 sed
1429 3499 1651 3568 parcius
1691 3500 1972 3568 agendum
2002 3498 2135 3551 duxi
2166 3518 2334 3567 quam
2362 3499 2614 3553 fecerunt
2651 3500 2902 3569 priorum

606 3571 879 3638 nonnulli,
917 3572 1074 3624 uelut
1112 3571 1166 3625 S.
1193 3543 1436 3625 Pitiscus
1473 3571 1535 3624 in
1571 3570 1658 3625 ed.
1691 3588 1739 3624 a.
1774 3576 1926 3624 1690.

781 3646 831 3711 7)
887 3641 1171 3711 Principia
1225 3642 1515 3696 nominum
1578 3641 1887 3694 initialium
1951 3642 2160 3710 passim
2225 3642 2431 3695 omissa
2486 3645 2617 3695 sunt
2672 3643 2731 3695 in
2773 3643 2901 3709 GV,

600 3712 794 3767 relicto
852 3713 965 3766 fere
1010 3714 1193 3781 spatio
1242 3713 1465 3768 litterae
1522 3713 1878 3767 artificiosius
1925 3712 2293 3783 pingendae,
2327 3714 2475 3781 quod
2522 3717 2719 3782 postea
2764 3732 2897 3783 neg-

601 3785 811 3838 lectum
865 3786 964 3838 est.
1039 3785 1170 3837 uide
1210 3803 1352 3852 quae
1402 3786 1469 3838 de
1514 3785 1565 3839 G
1615 3785 1808 3838 monui
1854 3784 2039 3837 Herm.
2072 3790 2136 3837 37
2176 3804 2230 3853 p.
2271 3790 2390 3837 594.
2470 3784 2616 3840 falsa
2668 3786 2900 3838 distinc

600 3857 754 3909 tione
799 3856 861 3909 in
903 3856 953 3909 G
993 3874 1074 3910 ex,
1112 3874 1194 3925 gr.
1235 3859 1358 3910 orta
1396 3858 1528 3909 sunt
1562 3861 1722 3922 94‚1·0
1760 3857 2129 3923 thronosuaeit‚
2170 3861 2324 3923 110,5
2371 3858 2575 3911 Taliter
2612 3858 2690 3924 (T
2710 3857 2901 3925 rubr),

603 3932 794 3994 151,13
843 3929 1007 3981 mala.
1055 3945 1202 3996 sper,
1251 3933 1404 3994 166,6
1453 3946 1645 3982 uerum
1693 3931 1748 3994 (a
1786 3927 2026 3982 Puerum
2070 3944 2279 3980 nouum
2330 3930 2500 3996 caput
2549 3928 2752 3996 incipit
2784 3930 2901 3996 M),

605 4003 759 4066 174,8
815 4001 1293 4067 maluissentpera,
1362 4004 1550 4066 175,Ξὲ
1600 4001 1943 4070 iecityrippg,
2009 4004 2198 4064 235,st
2248 4001 2596 4068 premebatur
2650 4001 2896 4065 eductum

601 4070 743 4123 falso
784 4074 974 4138 201,22
1007 4072 1175 4124 Pater
1204 4073 1279 4138 (P
1302 4070 1471 4138 rubr.)
1502 4073 1793 4124 exaratum
1830 4071 1888 4122 in
1924 4071 1974 4124 G
2002 4075 2159 4137 (corr.
2195 4072 2289 4137 G³,
2328 4073 2464 4124 Ater
2491 4074 2570 4141 g),
2604 4071 2663 4123 in
2702 4072 2897 4124 eodem

602 4146 795 4209 263,19
824 4142 1171 4208 Ferrebatur,
1210 4146 1365 4209 312,9
1409 4144 1636 4211 Vesiaci.
1703 4160 1768 4194 ex
1811 4142 2077 4195 Vnotaui
2108 4147 2265 4209 82,10
2303 4159 2461 4212 equos
2489 4147 2608 4211 (pro
2639 4143 2718 4196 Et
2755 4145 2900 4211 quo),

604 4218 759 4279 97,15
800 4213 938 4267 Esto
976 4216 1095 4282 (pro
1138 4213 1374 4282 Festos),
1415 4218 1565 4280 130,1
1677 4217 1827 4267 ximo
1865 4215 1984 4281 (pro
2032 4214 2330 4282 Proximo).
2395 4215 2574 4268 rarius
2613 4214 2716 4267 hoc
2755 4214 2895 4266 uitio

600 4283 902 4337 foedantur
937 4285 1165 4352 reliqui,
1202 4286 1268 4336 ut
1308 4290 1495 4351 165‚11
1538 4287 1595 4338 et
1635 4290 1826 4351 151‚15
1866 4285 1977 4352 (hic
2017 4285 2189 4338 etiam
2231 4288 2305 4341 M
2336 4284 2666 4339 continuans
2696 4291 2896 4354 potest·

602 4359 765 4424 ones).
812 4387 880 4396 —
929 4358 1179 4424 capitum
1227 4359 1558 4426 argumenta
1603 4357 1662 4408 in
1705 4359 1779 4411 M
1819 4356 2050 4424 appicta
2105 4359 2294 4424 (manu
2343 4357 2595 4425 antiqua)
2643 4374 2753 4409 non
2812 4356 2899 4409 in-

603 4427 734 4480 ueni
780 4427 890 4480 nisi
937 4428 1007 4481 ad
1048 4426 1162 4481 Cal.
1194 4433 1260 4480 50
1300 4426 1415 4496 (fol.
1456 4432 1543 4497 68)
1590 4429 1771 4494 forma
1815 4429 1936 4498 yaii
1983 4429 2039 4480 et
2087 4428 2158 4480 ad
2198 4427 2274 4481 CI.
2316 4434 2383 4482 30
2422 4428 2536 4496 (fol.
2581 4433 2645 4481 70
2693 4427 2900 4481 litteris

601 4498 937 4567 uncialibus)
976 4499 1128 4571 <d>e
1162 4500 1345 4565 forma
1383 4501 1608 4553 claudii.
