<?xml version="1.0" encoding="UTF-8"?>
<!DOCTYPE html PUBLIC "-//W3C//DTD XHTML 1.0 Transitional//EN"
    "http://www.w3.org/TR/xhtml1/DTD/xhtml1-transitional.dtd">
<html xmlns="http://www.w3.org/1999/xhtml" xml:lang="en" lang="en">
 <head>
  <title>
</title>
<meta http-equiv="Content-Type" content="text/html;charset=utf-8" />
  <meta name='ocr-system' content='tesseract 3.04.00' />
  <meta name='ocr-capabilities' content='ocr_page ocr_carea ocr_par ocr_line ocrx_word'/>
</head>
<body>
  <div class='ocr_page' id='page_1' title='image "./csvetonitranqui00unkngoog_0360.png"; bbox 0 0 3325 5209; ppageno 0'>
   <div class='ocr_carea' id='block_1_1' title="bbox 568 374 2162 466">
    <p class='ocr_par' dir='ltr' id='par_1_1' title="bbox 568 374 2162 466">
     <span class='ocr_line' id='line_1_1' title="bbox 568 374 2162 466; baseline -0.011 1"><span class='ocrx_word' id='word_1_1' title='bbox 568 374 704 466; x_wconf 55' lang='lat'><strong>232</strong></span> <span class='ocrx_word' id='word_1_2' title='bbox 1269 398 1325 453; x_wconf 79' lang='grc' dir='ltr'><strong>ο.</strong></span> <span class='ocrx_word' id='word_1_3' title='bbox 1366 398 1682 454; x_wconf 73' lang='lat' dir='ltr'><strong>svmom</strong></span> <span class='ocrx_word' id='word_1_4' title='bbox 1718 397 2162 463; x_wconf 77' lang='lat' dir='ltr'><strong>TRANQmm</strong></span> 
     </span>
    </p>
   </div>
   <div class='ocr_carea' id='block_1_2' title="bbox 458 555 2945 4044">
    <p class='ocr_par' dir='ltr' id='par_1_2' title="bbox 493 555 2945 1608">
     <span class='ocr_line' id='line_1_2' title="bbox 493 555 2862 651; baseline -0.002 -21"><span class='ocrx_word' id='word_1_5' title='bbox 493 584 523 631; x_wconf 84' lang='lat'>2</span> <span class='ocrx_word' id='word_1_6' title='bbox 566 565 847 651; x_wconf 88' lang='lat' dir='ltr'><strong>mugitui</strong></span> <span class='ocrx_word' id='word_1_7' title='bbox 902 585 1113 628; x_wconf 63' lang='lat' dir='ltr'><strong>sonus</strong></span> <span class='ocrx_word' id='word_1_8' title='bbox 1207 566 1424 630; x_wconf 87' lang='lat' dir='ltr'><strong>secuta</strong></span> <span class='ocrx_word' id='word_1_9' title='bbox 1484 566 1635 627; x_wconf 90' lang='lat' dir='ltr'><strong>sunt</strong></span> <span class='ocrx_word' id='word_1_10' title='bbox 1693 563 2024 646; x_wconf 87' lang='lat' dir='ltr'><strong>aliquanto</strong></span> <span class='ocrx_word' id='word_1_11' title='bbox 2084 561 2541 626; x_wconf 76' lang='lat' dir='ltr'><strong>manifestiora.</strong></span> <span class='ocrx_word' id='word_1_12' title='bbox 2625 555 2862 626; x_wconf 90' lang='lat' dir='ltr'><strong>monile</strong></span> 
     </span>
     <span class='ocr_line' id='line_1_3' title="bbox 567 666 2862 756; baseline -0.002 -20"><span class='ocrx_word' id='word_1_13' title='bbox 567 671 930 756; x_wconf 73' lang='lat' dir='ltr'>margaritis</span> <span class='ocrx_word' id='word_1_14' title='bbox 960 670 1358 755; x_wconf 87' lang='lat' dir='ltr'><strong>gemmisque</strong></span> <span class='ocrx_word' id='word_1_15' title='bbox 1395 672 1763 734; x_wconf 86' lang='lat' dir='ltr'><strong>consertum</strong></span> <span class='ocrx_word' id='word_1_16' title='bbox 1802 670 1883 733; x_wconf 90' lang='lat' dir='ltr'><strong>ad</strong></span> <span class='ocrx_word' id='word_1_17' title='bbox 1912 669 2261 734; x_wconf 85' lang='lat' dir='ltr'><strong>ornandam</strong></span> <span class='ocrx_word' id='word_1_18' title='bbox 2298 666 2653 732; x_wconf 76' lang='lat' dir='ltr'><strong>Fortunam</strong></span> <span class='ocrx_word' id='word_1_19' title='bbox 2682 690 2862 732; x_wconf 89' lang='lat' dir='ltr'><strong>suam</strong></span> 
     </span>
     <span class='ocr_line' id='line_1_4' title="bbox 567 775 2861 862; baseline -0.003 -19"><span class='ocrx_word' id='word_1_20' title='bbox 567 777 997 843; x_wconf 79' lang='lat' dir='ltr'><strong>Tusculanam</strong></span> <span class='ocrx_word' id='word_1_21' title='bbox 1043 800 1123 841; x_wconf 83' lang='lat' dir='ltr'><strong>ex</strong></span> <span class='ocrx_word' id='word_1_22' title='bbox 1169 776 1347 841; x_wconf 90' lang='lat' dir='ltr'><strong>omni</strong></span> <span class='ocrx_word' id='word_1_23' title='bbox 1393 798 1550 862; x_wconf 87' lang='lat' dir='ltr'><strong>gaza</strong></span> <span class='ocrx_word' id='word_1_24' title='bbox 1587 780 1970 860; x_wconf 83' lang='lat' dir='ltr'><strong>secreuerat3</strong></span> <span class='ocrx_word' id='word_1_25' title='bbox 2017 775 2083 839; x_wconf 89' lang='lat' dir='ltr'><strong>id</strong></span> <span class='ocrx_word' id='word_1_26' title='bbox 2128 780 2390 859; x_wconf 88' lang='lat' dir='ltr'><strong>repente</strong></span> <span class='ocrx_word' id='word_1_27' title='bbox 2437 775 2620 857; x_wconf 82' lang='lat' dir='ltr'><strong>quasi</strong></span> <span class='ocrx_word' id='word_1_28' title='bbox 2665 795 2861 857; x_wconf 91' lang='lat' dir='ltr'><strong>augu-</strong></span> 
     </span>
     <span class='ocr_line' id='line_1_5' title="bbox 566 880 2864 971; baseline -0.002 -23"><span class='ocrx_word' id='word_1_29' title='bbox 566 885 762 950; x_wconf 92' lang='lat' dir='ltr'><strong>stiore</strong></span> <span class='ocrx_word' id='word_1_30' title='bbox 810 884 1068 971; x_wconf 87' lang='lat' dir='ltr'><strong>dignius</strong></span> <span class='ocrx_word' id='word_1_31' title='bbox 1123 883 1268 948; x_wconf 92' lang='lat' dir='ltr'><strong>loco</strong></span> <span class='ocrx_word' id='word_1_32' title='bbox 1319 881 1720 967; x_wconf 77' lang='lat' dir='ltr'><strong>Capitolinae</strong></span> <span class='ocrx_word' id='word_1_33' title='bbox 1765 881 2002 948; x_wconf 90' lang='lat' dir='ltr'><strong>Veneri</strong></span> <span class='ocrx_word' id='word_1_34' title='bbox 2048 882 2387 965; x_wconf 88' lang='lat' dir='ltr'><strong>dedicauit,</strong></span> <span class='ocrx_word' id='word_1_35' title='bbox 2443 903 2516 947; x_wconf 87' lang='lat' dir='ltr'><strong>ac</strong></span> <span class='ocrx_word' id='word_1_36' title='bbox 2570 880 2864 965; x_wconf 86' lang='lat' dir='ltr'><strong>proxima</strong></span> 
     </span>
     <span class='ocr_line' id='line_1_6' title="bbox 564 986 2944 1074; baseline -0.001 -18"><span class='ocrx_word' id='word_1_37' title='bbox 564 996 753 1057; x_wconf 90' lang='lat' dir='ltr'><strong>nocte</strong></span> <span class='ocrx_word' id='word_1_38' title='bbox 783 990 1131 1056; x_wconf 80' lang='lat' dir='ltr'><strong>somniauit</strong></span> <span class='ocrx_word' id='word_1_39' title='bbox 1163 990 1442 1074; x_wconf 91' lang='lat' dir='ltr'><strong>speciem</strong></span> <span class='ocrx_word' id='word_1_40' title='bbox 1469 988 1791 1055; x_wconf 73' lang='lat' dir='ltr'><strong>Fortunae</strong></span> <span class='ocrx_word' id='word_1_41' title='bbox 1831 990 2155 1072; x_wconf 80' lang='lat' dir='ltr'><strong>querentis</strong></span> <span class='ocrx_word' id='word_1_42' title='bbox 2190 988 2548 1053; x_wconf 83' lang='lat' dir='ltr'><strong>fraudatam</strong></span> <span class='ocrx_word' id='word_1_43' title='bbox 2589 1009 2655 1052; x_wconf 90' lang='lat' dir='ltr'><strong>se</strong></span> <span class='ocrx_word' id='word_1_44' title='bbox 2693 986 2861 1052; x_wconf 89' lang='lat' dir='ltr'><strong>dono</strong></span> <span class='ocrx_word' id='word_1_45' title='bbox 2920 1013 2944 1053; x_wconf 78' lang='lat'><strong>5</strong></span> 
     </span>
     <span class='ocr_line' id='line_1_7' title="bbox 567 1095 2862 1180; baseline -0.002 -18"><span class='ocrx_word' id='word_1_46' title='bbox 567 1098 904 1180; x_wconf 82' lang='lat' dir='ltr'><strong>destinatO,</strong></span> <span class='ocrx_word' id='word_1_47' title='bbox 942 1097 1375 1180; x_wconf 82' lang='lat' dir='ltr'><strong>minantisque</strong></span> <span class='ocrx_word' id='word_1_48' title='bbox 1405 1099 1770 1180; x_wconf 86' lang='lat' dir='ltr'><strong>erepturam</strong></span> <span class='ocrx_word' id='word_1_49' title='bbox 1798 1099 1865 1160; x_wconf 93' lang='lat' dir='ltr'><strong>et</strong></span> <span class='ocrx_word' id='word_1_50' title='bbox 1900 1097 2109 1179; x_wconf 89' lang='lat' dir='ltr'><strong>ipsam</strong></span> <span class='ocrx_word' id='word_1_51' title='bbox 2141 1118 2303 1179; x_wconf 90' lang='lat' dir='ltr'><strong>quae</strong></span> <span class='ocrx_word' id='word_1_52' title='bbox 2331 1095 2626 1160; x_wconf 87' lang='lat' dir='ltr'><strong>dedisset.</strong></span> <span class='ocrx_word' id='word_1_53' title='bbox 2693 1116 2862 1159; x_wconf 92' lang='lat' dir='ltr'><strong>cum-</strong></span> 
     </span>
     <span class='ocr_line' id='line_1_8' title="bbox 569 1201 2861 1288; baseline -0.002 -20"><span class='ocrx_word' id='word_1_54' title='bbox 569 1224 693 1288; x_wconf 88' lang='lat' dir='ltr'><strong>que</strong></span> <span class='ocrx_word' id='word_1_55' title='bbox 738 1204 1083 1269; x_wconf 86' lang='lat' dir='ltr'><strong>exterritus</strong></span> <span class='ocrx_word' id='word_1_56' title='bbox 1128 1205 1272 1268; x_wconf 90' lang='lat' dir='ltr'><strong>luce</strong></span> <span class='ocrx_word' id='word_1_57' title='bbox 1317 1203 1526 1287; x_wconf 90' lang='lat' dir='ltr'><strong>prima</strong></span> <span class='ocrx_word' id='word_1_58' title='bbox 1567 1203 1648 1266; x_wconf 92' lang='lat' dir='ltr'><strong>ad</strong></span> <span class='ocrx_word' id='word_1_59' title='bbox 1687 1203 2075 1287; x_wconf 87' lang='lat' dir='ltr'><strong>expiandum</strong></span> <span class='ocrx_word' id='word_1_60' title='bbox 2113 1203 2450 1285; x_wconf 89' lang='lat' dir='ltr'><strong>somnium,</strong></span> <span class='ocrx_word' id='word_1_61' title='bbox 2496 1201 2861 1285; x_wconf 82' lang='lat' dir='ltr'><strong>praemissis</strong></span> 
     </span>
     <span class='ocr_line' id='line_1_9' title="bbox 567 1308 2862 1396; baseline -0.003 -19"><span class='ocrx_word' id='word_1_62' title='bbox 567 1313 677 1396; x_wconf 91' lang='lat' dir='ltr'><strong>qui</strong></span> <span class='ocrx_word' id='word_1_63' title='bbox 715 1334 849 1376; x_wconf 91' lang='lat' dir='ltr'><strong>rem</strong></span> <span class='ocrx_word' id='word_1_64' title='bbox 890 1312 1175 1375; x_wconf 89' lang='lat' dir='ltr'><strong>diuinam</strong></span> <span class='ocrx_word' id='word_1_65' title='bbox 1215 1315 1618 1395; x_wconf 84' lang='lat' dir='ltr'><strong>appararent,</strong></span> <span class='ocrx_word' id='word_1_66' title='bbox 1656 1309 2000 1374; x_wconf 82' lang='lat' dir='ltr'><strong>Tusculum</strong></span> <span class='ocrx_word' id='word_1_67' title='bbox 2045 1309 2524 1392; x_wconf 85' lang='lat' dir='ltr'><strong>excucurrisset,</strong></span> <span class='ocrx_word' id='word_1_68' title='bbox 2565 1308 2732 1372; x_wconf 84' lang='lat' dir='ltr'><strong>nihil</strong></span> <span class='ocrx_word' id='word_1_69' title='bbox 2766 1309 2862 1372; x_wconf 91' lang='lat' dir='ltr'><strong>in-</strong></span> 
     </span>
     <span class='ocr_line' id='line_1_10' title="bbox 564 1415 2860 1502; baseline -0.002 -20"><span class='ocrx_word' id='word_1_70' title='bbox 564 1418 745 1483; x_wconf 84' lang='lat' dir='ltr'><strong>uenit</strong></span> <span class='ocrx_word' id='word_1_71' title='bbox 781 1421 1034 1502; x_wconf 88' lang='lat' dir='ltr'><strong>praeter</strong></span> <span class='ocrx_word' id='word_1_72' title='bbox 1073 1416 1355 1499; x_wconf 89' lang='lat' dir='ltr'><strong>tepidam</strong></span> <span class='ocrx_word' id='word_1_73' title='bbox 1393 1418 1459 1480; x_wconf 90' lang='lat' dir='ltr'><strong>in</strong></span> <span class='ocrx_word' id='word_1_74' title='bbox 1499 1439 1609 1481; x_wconf 90' lang='lat' dir='ltr'><strong>ara</strong></span> <span class='ocrx_word' id='word_1_75' title='bbox 1649 1415 1942 1481; x_wconf 87' lang='lat' dir='ltr'><strong>fauillam</strong></span> <span class='ocrx_word' id='word_1_76' title='bbox 1979 1419 2386 1499; x_wconf 88' lang='lat' dir='ltr'><strong>atratumque</strong></span> <span class='ocrx_word' id='word_1_77' title='bbox 2424 1417 2602 1479; x_wconf 85' lang='lat' dir='ltr'><strong>iuxta</strong></span> <span class='ocrx_word' id='word_1_78' title='bbox 2648 1436 2860 1479; x_wconf 91' lang='lat' dir='ltr'><strong>senem</strong></span> 
     </span>
     <span class='ocr_line' id='line_1_11' title="bbox 566 1505 2945 1608; baseline -0.002 -18"><span class='ocrx_word' id='word_1_79' title='bbox 566 1526 634 1589; x_wconf 91' lang='lat' dir='ltr'><strong>in</strong></span> <span class='ocrx_word' id='word_1_80' title='bbox 671 1526 883 1590; x_wconf 90' lang='lat' dir='ltr'><strong>catino</strong></span> <span class='ocrx_word' id='word_1_81' title='bbox 922 1524 1130 1588; x_wconf 89' lang='lat' dir='ltr'><strong>uitreo</strong></span> <span class='ocrx_word' id='word_1_82' title='bbox 1169 1522 1382 1608; x_wconf 85' lang='lat' dir='ltr'><strong>t[h]us</strong></span> <span class='ocrx_word' id='word_1_83' title='bbox 1420 1528 1743 1588; x_wconf 88' lang='lat' dir='ltr'><strong>tenentem</strong></span> <span class='ocrx_word' id='word_1_84' title='bbox 1784 1527 1847 1585; x_wconf 92' lang='lat' dir='ltr'><strong>et</strong></span> <span class='ocrx_word' id='word_1_85' title='bbox 1885 1523 1954 1586; x_wconf 94' lang='lat' dir='ltr'><strong>in</strong></span> <span class='ocrx_word' id='word_1_86' title='bbox 1982 1522 2180 1588; x_wconf 91' lang='lat' dir='ltr'><strong>calice</strong></span> <span class='ocrx_word' id='word_1_87' title='bbox 2211 1522 2398 1586; x_wconf 88' lang='lat' dir='ltr'><strong>fictili</strong></span> <span class='ocrx_word' id='word_1_88' title='bbox 2425 1505 2689 1586; x_wconf 85' lang='lat' dir='ltr'><strong>merum.</strong></span> <span class='ocrx_word' id='word_1_89' title='bbox 2752 1520 2860 1584; x_wconf 90' lang='lat' dir='ltr'><strong>ob·</strong></span> <span class='ocrx_word' id='word_1_90' title='bbox 2890 1547 2945 1585; x_wconf 82' lang='grc' dir='ltr'><strong>ιο</strong></span> 
     </span>
    </p>

    <p class='ocr_par' dir='ltr' id='par_1_3' title="bbox 497 1627 2862 2032">
     <span class='ocr_line' id='line_1_12' title="bbox 497 1627 2861 1712; baseline -0.003 -14"><span class='ocrx_word' id='word_1_91' title='bbox 497 1653 529 1700; x_wconf 82' lang='lat'><strong>3</strong></span> <span class='ocrx_word' id='word_1_92' title='bbox 569 1636 893 1696; x_wconf 90' lang='lat' dir='ltr'><strong>seruatum</strong></span> <span class='ocrx_word' id='word_1_93' title='bbox 931 1632 1125 1695; x_wconf 90' lang='lat' dir='ltr'><strong>etiam</strong></span> <span class='ocrx_word' id='word_1_94' title='bbox 1164 1634 1259 1694; x_wconf 85' lang='lat' dir='ltr'><strong>est</strong></span> <span class='ocrx_word' id='word_1_95' title='bbox 1298 1630 1437 1694; x_wconf 90' lang='lat' dir='ltr'><strong>Kal.</strong></span> <span class='ocrx_word' id='word_1_96' title='bbox 1467 1627 1599 1695; x_wconf 90' lang='lat' dir='ltr'><strong>Ian.</strong></span> <span class='ocrx_word' id='word_1_97' title='bbox 1639 1629 2025 1695; x_wconf 88' lang='lat' dir='ltr'><strong>sacrificanti</strong></span> <span class='ocrx_word' id='word_1_98' title='bbox 2063 1650 2364 1693; x_wconf 90' lang='lat' dir='ltr'><strong>coronam</strong></span> <span class='ocrx_word' id='word_1_99' title='bbox 2403 1629 2480 1693; x_wconf 91' lang='lat' dir='ltr'><strong>de</strong></span> <span class='ocrx_word' id='word_1_100' title='bbox 2517 1629 2724 1712; x_wconf 90' lang='lat' dir='ltr'><strong>capite</strong></span> <span class='ocrx_word' id='word_1_101' title='bbox 2760 1649 2861 1691; x_wconf 86' lang='lat' dir='ltr'><strong>ex-</strong></span> 
     </span>
     <span class='ocr_line' id='line_1_13' title="bbox 568 1733 2860 1822; baseline -0.003 -19"><span class='ocrx_word' id='word_1_102' title='bbox 568 1739 817 1822; x_wconf 78' lang='lat' dir='ltr'><strong>cidisse,</strong></span> <span class='ocrx_word' id='word_1_103' title='bbox 855 1737 1212 1822; x_wconf 89' lang='lat' dir='ltr'><strong>auspicanti</strong></span> <span class='ocrx_word' id='word_1_104' title='bbox 1246 1737 1460 1820; x_wconf 88' lang='lat' dir='ltr'><strong>pullos</strong></span> <span class='ocrx_word' id='word_1_105' title='bbox 1494 1736 1811 1821; x_wconf 80' lang='lat' dir='ltr'><strong>auolass03</strong></span> <span class='ocrx_word' id='word_1_106' title='bbox 1851 1735 2214 1819; x_wconf 85' lang='lat' dir='ltr'><strong>adoptionis</strong></span> <span class='ocrx_word' id='word_1_107' title='bbox 2250 1736 2351 1799; x_wconf 93' lang='lat' dir='ltr'><strong>die</strong></span> <span class='ocrx_word' id='word_1_108' title='bbox 2383 1756 2588 1817; x_wconf 92' lang='lat' dir='ltr'><strong>neque</strong></span> <span class='ocrx_word' id='word_1_109' title='bbox 2625 1733 2860 1797; x_wconf 88' lang='lat' dir='ltr'><strong>milites</strong></span> 
     </span>
     <span class='ocr_line' id='line_1_14' title="bbox 566 1840 2861 1926; baseline -0.002 -18"><span class='ocrx_word' id='word_1_110' title='bbox 566 1845 944 1910; x_wconf 87' lang='lat' dir='ltr'><strong>adlocuturo</strong></span> <span class='ocrx_word' id='word_1_111' title='bbox 993 1848 1381 1909; x_wconf 87' lang='lat' dir='ltr'><strong>castrensem</strong></span> <span class='ocrx_word' id='word_1_112' title='bbox 1428 1843 1650 1908; x_wconf 91' lang='lat' dir='ltr'><strong>sellam</strong></span> <span class='ocrx_word' id='word_1_113' title='bbox 1700 1843 1777 1907; x_wconf 90' lang='lat' dir='ltr'><strong>de</strong></span> <span class='ocrx_word' id='word_1_114' title='bbox 1822 1864 1999 1906; x_wconf 91' lang='lat' dir='ltr'><strong>more</strong></span> <span class='ocrx_word' id='word_1_115' title='bbox 2046 1843 2326 1926; x_wconf 87' lang='lat' dir='ltr'><strong>positam</strong></span> <span class='ocrx_word' id='word_1_116' title='bbox 2382 1863 2498 1925; x_wconf 90' lang='lat' dir='ltr'><strong>pro</strong></span> <span class='ocrx_word' id='word_1_117' title='bbox 2554 1840 2861 1905; x_wconf 87' lang='lat' dir='ltr'><strong>tribunali</strong></span> 
     </span>
     <span class='ocr_line' id='line_1_15' title="bbox 567 1947 2862 2032; baseline -0.002 -16"><span class='ocrx_word' id='word_1_118' title='bbox 567 1951 785 2016; x_wconf 88' lang='lat' dir='ltr'><strong>oblitis</strong></span> <span class='ocrx_word' id='word_1_119' title='bbox 824 1951 1138 2031; x_wconf 80' lang='lat' dir='ltr'><strong>ministris</strong></span> <span class='ocrx_word' id='word_1_120' title='bbox 1174 1955 1237 2014; x_wconf 88' lang='lat' dir='ltr'><strong>et</strong></span> <span class='ocrx_word' id='word_1_121' title='bbox 1274 1952 1345 2014; x_wconf 92' lang='lat' dir='ltr'><strong>in</strong></span> <span class='ocrx_word' id='word_1_122' title='bbox 1376 1955 1599 2014; x_wconf 89' lang='lat' dir='ltr'><strong>senatu</strong></span> <span class='ocrx_word' id='word_1_123' title='bbox 1635 1949 1918 2014; x_wconf 85' lang='lat' dir='ltr'><strong>curulem</strong></span> <span class='ocrx_word' id='word_1_124' title='bbox 1956 1971 2253 2032; x_wconf 88' lang='lat' dir='ltr'><strong>peruerse</strong></span> <span class='ocrx_word' id='word_1_125' title='bbox 2288 1950 2681 2013; x_wconf 89' lang='lat' dir='ltr'><strong>collocatam.</strong></span> <span class='ocrx_word' id='word_1_126' title='bbox 2737 1947 2862 2031; x_wconf 90' lang='lat' dir='ltr'><strong>pri-</strong></span> 
     </span>
    </p>

    <p class='ocr_par' dir='ltr' id='par_1_4' title="bbox 463 2054 2942 2141">
     <span class='ocr_line' id='line_1_16' title="bbox 463 2054 2942 2141; baseline -0.003 -15"><span class='ocrx_word' id='word_1_127' title='bbox 463 2060 553 2126; x_wconf 80' lang='lat'><strong>19</strong></span> <span class='ocrx_word' id='word_1_128' title='bbox 570 2080 646 2123; x_wconf 88' lang='lat' dir='ltr'><strong>us</strong></span> <span class='ocrx_word' id='word_1_129' title='bbox 692 2080 844 2123; x_wconf 87' lang='lat' dir='ltr'><strong>uero</strong></span> <span class='ocrx_word' id='word_1_130' title='bbox 893 2080 1086 2141; x_wconf 91' lang='lat' dir='ltr'><strong>quam</strong></span> <span class='ocrx_word' id='word_1_131' title='bbox 1133 2058 1528 2122; x_wconf 87' lang='lat' dir='ltr'><strong>occideretur</strong></span> <span class='ocrx_word' id='word_1_132' title='bbox 1565 2057 2043 2121; x_wconf 71' lang='lat' dir='ltr'><strong>sacrificantem</strong></span> <span class='ocrx_word' id='word_1_133' title='bbox 2064 2078 2249 2120; x_wconf 89' lang='lat' dir='ltr'><strong>mane</strong></span> <span class='ocrx_word' id='word_1_134' title='bbox 2286 2062 2601 2138; x_wconf 85' lang='lat' dir='ltr'><strong>haruspex</strong></span> <span class='ocrx_word' id='word_1_135' title='bbox 2638 2054 2861 2118; x_wconf 88' lang='lat' dir='ltr'><strong>identi-</strong></span> <span class='ocrx_word' id='word_1_136' title='bbox 2890 2078 2942 2118; x_wconf 70' lang='grc' dir='ltr'><strong>ιε</strong></span> 
     </span>
    </p>

    <p class='ocr_par' dir='ltr' id='par_1_5' title="bbox 458 2154 2943 2888">
     <span class='ocr_line' id='line_1_17' title="bbox 458 2154 2860 2248; baseline -0.002 -19"><span class='ocrx_word' id='word_1_137' title='bbox 458 2154 464 2159; x_wconf 55' lang='grc'><strong>’</strong></span> <span class='ocrx_word' id='word_1_138' title='bbox 567 2166 709 2229; x_wconf 91' lang='lat' dir='ltr'><strong>dem</strong></span> <span class='ocrx_word' id='word_1_139' title='bbox 748 2165 1017 2247; x_wconf 91' lang='lat' dir='ltr'><strong>monuit,</strong></span> <span class='ocrx_word' id='word_1_140' title='bbox 1065 2169 1317 2228; x_wconf 92' lang='lat' dir='ltr'><strong>caueret</strong></span> <span class='ocrx_word' id='word_1_141' title='bbox 1352 2163 1730 2248; x_wconf 88' lang='lat' dir='ltr'><strong>periculum,</strong></span> <span class='ocrx_word' id='word_1_142' title='bbox 1775 2184 1907 2227; x_wconf 94' lang='lat' dir='ltr'><strong>non</strong></span> <span class='ocrx_word' id='word_1_143' title='bbox 1951 2161 2145 2248; x_wconf 90' lang='lat' dir='ltr'><strong>longe</strong></span> <span class='ocrx_word' id='word_1_144' title='bbox 2181 2183 2585 2246; x_wconf 88' lang='lat' dir='ltr'><strong>percussores</strong></span> <span class='ocrx_word' id='word_1_145' title='bbox 2624 2161 2860 2224; x_wconf 89' lang='lat' dir='ltr'><strong>abesse.</strong></span> 
     </span>
     <span class='ocr_line' id='line_1_18' title="bbox 743 2267 2861 2357; baseline -0.002 -22"><span class='ocrx_word' id='word_1_146' title='bbox 743 2271 935 2335; x_wconf 90' lang='lat' dir='ltr'><strong>Haud</strong></span> <span class='ocrx_word' id='word_1_147' title='bbox 981 2270 1190 2335; x_wconf 90' lang='lat' dir='ltr'><strong>multo</strong></span> <span class='ocrx_word' id='word_1_148' title='bbox 1236 2275 1387 2353; x_wconf 92' lang='lat' dir='ltr'><strong>post</strong></span> <span class='ocrx_word' id='word_1_149' title='bbox 1442 2271 1775 2357; x_wconf 83' lang='lat' dir='ltr'><strong>cognoscit</strong></span> <span class='ocrx_word' id='word_1_150' title='bbox 1819 2271 2024 2334; x_wconf 87' lang='lat' dir='ltr'><strong>teneri</strong></span> <span class='ocrx_word' id='word_1_151' title='bbox 2073 2273 2280 2334; x_wconf 90' lang='lat' dir='ltr'><strong>castra</strong></span> <span class='ocrx_word' id='word_1_152' title='bbox 2336 2269 2414 2332; x_wconf 90' lang='lat' dir='ltr'><strong>ab</strong></span> <span class='ocrx_word' id='word_1_153' title='bbox 2462 2267 2734 2349; x_wconf 88' lang='lat' dir='ltr'><strong>Othone,</strong></span> <span class='ocrx_word' id='word_1_154' title='bbox 2789 2288 2861 2330; x_wconf 87' lang='lat' dir='ltr'><strong>ac</strong></span> 
     </span>
     <span class='ocr_line' id='line_1_19' title="bbox 566 2372 2860 2463; baseline -0.001 -22"><span class='ocrx_word' id='word_1_155' title='bbox 566 2379 888 2463; x_wconf 88' lang='lat' dir='ltr'><strong>plerisque</strong></span> <span class='ocrx_word' id='word_1_156' title='bbox 945 2382 1022 2442; x_wconf 57' lang='lat' dir='ltr'><strong>&gt;ut</strong></span> <span class='ocrx_word' id='word_1_157' title='bbox 1083 2377 1305 2442; x_wconf 89' lang='lat' dir='ltr'><strong>eodem</strong></span> <span class='ocrx_word' id='word_1_158' title='bbox 1370 2399 1561 2460; x_wconf 88' lang='lat' dir='ltr'><strong>quam</strong></span> <span class='ocrx_word' id='word_1_159' title='bbox 1621 2377 1901 2460; x_wconf 88' lang='lat' dir='ltr'><strong>primum</strong></span> <span class='ocrx_word' id='word_1_160' title='bbox 1963 2372 2260 2461; x_wconf 83' lang='lat' dir='ltr'><strong>pergeret</strong></span> <span class='ocrx_word' id='word_1_161' title='bbox 2321 2375 2733 2440; x_wconf 88' lang='lat' dir='ltr'><strong>suadentibus</strong></span> <span class='ocrx_word' id='word_1_162' title='bbox 2775 2412 2860 2419; x_wconf 90' lang='lat'><strong>—-</strong></span> 
     </span>
     <span class='ocr_line' id='line_1_20' title="bbox 565 2481 2861 2569; baseline -0.003 -19"><span class='ocrx_word' id='word_1_163' title='bbox 565 2506 753 2569; x_wconf 88' lang='lat' dir='ltr'><strong>posse</strong></span> <span class='ocrx_word' id='word_1_164' title='bbox 801 2485 972 2548; x_wconf 92' lang='lat' dir='ltr'><strong>enim</strong></span> <span class='ocrx_word' id='word_1_165' title='bbox 1020 2485 1403 2548; x_wconf 88' lang='lat' dir='ltr'><strong>auctoritate</strong></span> <span class='ocrx_word' id='word_1_166' title='bbox 1450 2488 1514 2548; x_wconf 91' lang='lat' dir='ltr'><strong>et</strong></span> <span class='ocrx_word' id='word_1_167' title='bbox 1561 2483 1921 2567; x_wconf 88' lang='lat' dir='ltr'><strong>praesentia</strong></span> <span class='ocrx_word' id='word_1_168' title='bbox 1961 2482 2327 2566; x_wconf 89' lang='lat' dir='ltr'><strong>praeualere</strong></span> <span class='ocrx_word' id='word_1_169' title='bbox 2385 2519 2468 2528; x_wconf 87' lang='lat'><strong>-—</strong></span> <span class='ocrx_word' id='word_1_170' title='bbox 2523 2481 2689 2545; x_wconf 88' lang='lat' dir='ltr'><strong>nihil</strong></span> <span class='ocrx_word' id='word_1_171' title='bbox 2734 2503 2861 2543; x_wconf 90' lang='lat' dir='ltr'><strong>am-</strong></span> 
     </span>
     <span class='ocr_line' id='line_1_21' title="bbox 565 2589 2943 2675; baseline -0.001 -22"><span class='ocrx_word' id='word_1_172' title='bbox 565 2589 738 2675; x_wconf 89' lang='lat' dir='ltr'><strong>plius</strong></span> <span class='ocrx_word' id='word_1_173' title='bbox 786 2613 977 2674; x_wconf 91' lang='lat' dir='ltr'><strong>quam</strong></span> <span class='ocrx_word' id='word_1_174' title='bbox 1018 2593 1343 2655; x_wconf 87' lang='lat' dir='ltr'><strong>continere</strong></span> <span class='ocrx_word' id='word_1_175' title='bbox 1382 2613 1448 2655; x_wconf 94' lang='lat' dir='ltr'><strong>se</strong></span> <span class='ocrx_word' id='word_1_176' title='bbox 1488 2591 1715 2654; x_wconf 89' lang='lat' dir='ltr'><strong>statuit</strong></span> <span class='ocrx_word' id='word_1_177' title='bbox 1753 2594 1818 2654; x_wconf 88' lang='lat' dir='ltr'><strong>et</strong></span> <span class='ocrx_word' id='word_1_178' title='bbox 1853 2589 2353 2675; x_wconf 86' lang='lat' dir='ltr'><strong>legionariorum</strong></span> <span class='ocrx_word' id='word_1_179' title='bbox 2394 2590 2649 2652; x_wconf 86' lang='lat' dir='ltr'><strong>firmare</strong></span> <span class='ocrx_word' id='word_1_180' title='bbox 2685 2609 2861 2670; x_wconf 88' lang='lat' dir='ltr'><strong>prae·</strong></span> <span class='ocrx_word' id='word_1_181' title='bbox 2891 2613 2943 2651; x_wconf 76' lang='lat'><strong>20</strong></span> 
     </span>
     <span class='ocr_line' id='line_1_22' title="bbox 569 2696 2862 2781; baseline -0.001 -20"><span class='ocrx_word' id='word_1_182' title='bbox 569 2697 772 2780; x_wconf 88' lang='lat' dir='ltr'><strong>sidiis,</strong></span> <span class='ocrx_word' id='word_1_183' title='bbox 821 2698 933 2781; x_wconf 94' lang='lat' dir='ltr'><strong>qui</strong></span> <span class='ocrx_word' id='word_1_184' title='bbox 978 2697 1400 2762; x_wconf 85' lang='lat' dir='ltr'><strong>multifariam</strong></span> <span class='ocrx_word' id='word_1_185' title='bbox 1449 2698 1825 2781; x_wconf 88' lang='lat' dir='ltr'><strong>diuerseque</strong></span> <span class='ocrx_word' id='word_1_186' title='bbox 1880 2696 2243 2761; x_wconf 88' lang='lat' dir='ltr'><strong>tendebant.</strong></span> <span class='ocrx_word' id='word_1_187' title='bbox 2325 2696 2593 2760; x_wconf 89' lang='lat' dir='ltr'><strong>loricam</strong></span> <span class='ocrx_word' id='word_1_188' title='bbox 2648 2699 2862 2759; x_wconf 90' lang='lat' dir='ltr'><strong>tamen</strong></span> 
     </span>
     <span class='ocr_line' id='line_1_23' title="bbox 568 2802 2862 2888; baseline -0.001 -21"><span class='ocrx_word' id='word_1_189' title='bbox 568 2804 778 2868; x_wconf 85' lang='lat' dir='ltr'><strong>induit</strong></span> <span class='ocrx_word' id='word_1_190' title='bbox 822 2803 1114 2887; x_wconf 90' lang='lat' dir='ltr'><strong>linteam,</strong></span> <span class='ocrx_word' id='word_1_191' title='bbox 1172 2827 1538 2887; x_wconf 89' lang='lat' dir='ltr'><strong>quanquam</strong></span> <span class='ocrx_word' id='word_1_192' title='bbox 1594 2804 1766 2868; x_wconf 90' lang='lat' dir='ltr'><strong>haud</strong></span> <span class='ocrx_word' id='word_1_193' title='bbox 1815 2804 2222 2868; x_wconf 89' lang='lat' dir='ltr'><strong>dissimulans</strong></span> <span class='ocrx_word' id='word_1_194' title='bbox 2276 2825 2504 2888; x_wconf 85' lang='lat' dir='ltr'><strong>parum</strong></span> <span class='ocrx_word' id='word_1_195' title='bbox 2560 2802 2862 2866; x_wconf 89' lang='lat' dir='ltr'><strong>aduersus</strong></span> 
     </span>
    </p>

    <p class='ocr_par' dir='ltr' id='par_1_6' title="bbox 494 2894 2943 4044">
     <span class='ocr_line' id='line_1_24' title="bbox 494 2894 2861 3000; baseline -0.003 -21"><span class='ocrx_word' id='word_1_196' title='bbox 494 2933 527 2980; x_wconf 81' lang='lat'>2</span> <span class='ocrx_word' id='word_1_197' title='bbox 569 2915 671 2974; x_wconf 88' lang='lat' dir='ltr'><strong>tot</strong></span> <span class='ocrx_word' id='word_1_198' title='bbox 734 2932 1071 2975; x_wconf 87' lang='lat' dir='ltr'><strong>mucrones</strong></span> <span class='ocrx_word' id='word_1_199' title='bbox 1141 2911 1562 3000; x_wconf 48' lang='lat' dir='ltr'><strong>proisuturam.</strong></span> <span class='ocrx_word' id='word_1_200' title='bbox 1661 2910 1772 2975; x_wconf 89' lang='lat' dir='ltr'><strong>sed</strong></span> <span class='ocrx_word' id='word_1_201' title='bbox 1845 2914 2167 2975; x_wconf 84' lang='lat' dir='ltr'><strong>extractus</strong></span> <span class='ocrx_word' id='word_1_202' title='bbox 2232 2894 2596 2974; x_wconf 86' lang='lat' dir='ltr'><strong>rumoribus</strong></span> <span class='ocrx_word' id='word_1_203' title='bbox 2663 2908 2861 2991; x_wconf 78' lang='lat' dir='ltr'><strong>falsiS,</strong></span> 
     </span>
     <span class='ocr_line' id='line_1_25' title="bbox 570 3015 2861 3102; baseline -0.001 -21"><span class='ocrx_word' id='word_1_204' title='bbox 570 3038 729 3099; x_wconf 92' lang='lat' dir='ltr'><strong>quos</strong></span> <span class='ocrx_word' id='word_1_205' title='bbox 778 3017 1155 3102; x_wconf 89' lang='lat' dir='ltr'><strong>conspirati,</strong></span> <span class='ocrx_word' id='word_1_206' title='bbox 1210 3021 1284 3081; x_wconf 93' lang='lat' dir='ltr'><strong>ut</strong></span> <span class='ocrx_word' id='word_1_207' title='bbox 1338 3040 1484 3082; x_wconf 90' lang='lat' dir='ltr'><strong>eum</strong></span> <span class='ocrx_word' id='word_1_208' title='bbox 1533 3018 1601 3080; x_wconf 91' lang='lat' dir='ltr'><strong>in</strong></span> <span class='ocrx_word' id='word_1_209' title='bbox 1652 3015 1986 3100; x_wconf 90' lang='lat' dir='ltr'><strong>publicum</strong></span> <span class='ocrx_word' id='word_1_210' title='bbox 2045 3017 2371 3100; x_wconf 90' lang='lat' dir='ltr'><strong>elicerent,</strong></span> <span class='ocrx_word' id='word_1_211' title='bbox 2426 3015 2503 3079; x_wconf 89' lang='lat' dir='ltr'><strong>de</strong></span> <span class='ocrx_word' id='word_1_212' title='bbox 2550 3015 2861 3079; x_wconf 89' lang='lat' dir='ltr'><strong>industria</strong></span> 
     </span>
     <span class='ocr_line' id='line_1_26' title="bbox 568 3122 2942 3208; baseline -0.001 -22"><span class='ocrx_word' id='word_1_213' title='bbox 568 3124 973 3208; x_wconf 88' lang='lat' dir='ltr'><strong>dissiparant,</strong></span> <span class='ocrx_word' id='word_1_214' title='bbox 1019 3126 1239 3207; x_wconf 88' lang='lat' dir='ltr'><strong>paucis</strong></span> <span class='ocrx_word' id='word_1_215' title='bbox 1287 3128 1522 3188; x_wconf 89' lang='lat' dir='ltr'><strong>temere</strong></span> <span class='ocrx_word' id='word_1_216' title='bbox 1561 3123 2033 3187; x_wconf 89' lang='lat' dir='ltr'><strong>affirmantibus</strong></span> <span class='ocrx_word' id='word_1_217' title='bbox 2080 3127 2473 3186; x_wconf 85' lang='lat' dir='ltr'><strong>transactum</strong></span> <span class='ocrx_word' id='word_1_218' title='bbox 2508 3122 2861 3206; x_wconf 84' lang='lat' dir='ltr'><strong>negotium,</strong></span> <span class='ocrx_word' id='word_1_219' title='bbox 2891 3144 2942 3184; x_wconf 79' lang='lat'><strong>25</strong></span> 
     </span>
     <span class='ocr_line' id='line_1_27' title="bbox 568 3229 2860 3316; baseline -0.002 -22"><span class='ocrx_word' id='word_1_220' title='bbox 568 3253 908 3316; x_wconf 84' lang='lat' dir='ltr'><strong>oppressos</strong></span> <span class='ocrx_word' id='word_1_221' title='bbox 918 3281 936 3314; x_wconf 93' lang='lat'><strong>,</strong></span> <span class='ocrx_word' id='word_1_222' title='bbox 1012 3232 1124 3314; x_wconf 92' lang='lat' dir='ltr'><strong>qui</strong></span> <span class='ocrx_word' id='word_1_223' title='bbox 1186 3230 1760 3313; x_wconf 89' lang='lat' dir='ltr'><strong>tumultuarentur,</strong></span> <span class='ocrx_word' id='word_1_224' title='bbox 1836 3230 2134 3293; x_wconf 91' lang='lat' dir='ltr'><strong>aduenire</strong></span> <span class='ocrx_word' id='word_1_225' title='bbox 2197 3229 2554 3312; x_wconf 85' lang='lat' dir='ltr'><strong>frequentis</strong></span> <span class='ocrx_word' id='word_1_226' title='bbox 2617 3232 2860 3292; x_wconf 90' lang='lat' dir='ltr'><strong>ceteros</strong></span> 
     </span>
     <span class='ocr_line' id='line_1_28' title="bbox 567 3336 2862 3424; baseline -0.002 -22"><span class='ocrx_word' id='word_1_227' title='bbox 567 3337 1074 3424; x_wconf 88' lang='lat' dir='ltr'><strong>gratulabundos</strong></span> <span class='ocrx_word' id='word_1_228' title='bbox 1113 3341 1176 3401; x_wconf 90' lang='lat' dir='ltr'><strong>et</strong></span> <span class='ocrx_word' id='word_1_229' title='bbox 1213 3337 1280 3400; x_wconf 92' lang='lat' dir='ltr'><strong>in</strong></span> <span class='ocrx_word' id='word_1_230' title='bbox 1320 3359 1508 3401; x_wconf 91' lang='lat' dir='ltr'><strong>omne</strong></span> <span class='ocrx_word' id='word_1_231' title='bbox 1547 3336 1924 3419; x_wconf 91' lang='lat' dir='ltr'><strong>obsequium</strong></span> <span class='ocrx_word' id='word_1_232' title='bbox 1963 3341 2242 3419; x_wconf 89' lang='lat' dir='ltr'><strong>paratos,</strong></span> <span class='ocrx_word' id='word_1_233' title='bbox 2286 3337 2365 3399; x_wconf 91' lang='lat' dir='ltr'><strong>iis</strong></span> <span class='ocrx_word' id='word_1_234' title='bbox 2401 3339 2476 3399; x_wconf 92' lang='lat' dir='ltr'><strong>ut</strong></span> <span class='ocrx_word' id='word_1_235' title='bbox 2504 3339 2862 3399; x_wconf 88' lang='lat' dir='ltr'><strong>occurreret</strong></span> 
     </span>
     <span class='ocr_line' id='line_1_29' title="bbox 565 3439 2859 3528; baseline -0.002 -20"><span class='ocrx_word' id='word_1_236' title='bbox 565 3444 806 3528; x_wconf 89' lang='lat' dir='ltr'><strong>prodiit</strong></span> <span class='ocrx_word' id='word_1_237' title='bbox 852 3448 1032 3508; x_wconf 88' lang='lat' dir='ltr'><strong>tanta</strong></span> <span class='ocrx_word' id='word_1_238' title='bbox 1075 3445 1327 3528; x_wconf 87' lang='lat' dir='ltr'><strong>fiducia,</strong></span> <span class='ocrx_word' id='word_1_239' title='bbox 1374 3449 1448 3508; x_wconf 91' lang='lat' dir='ltr'><strong>ut</strong></span> <span class='ocrx_word' id='word_1_240' title='bbox 1492 3443 1687 3507; x_wconf 87' lang='lat' dir='ltr'><strong>militi</strong></span> <span class='ocrx_word' id='word_1_241' title='bbox 1733 3443 1984 3508; x_wconf 88' lang='lat' dir='ltr'><strong>cuidam</strong></span> <span class='ocrx_word' id='word_1_242' title='bbox 2024 3444 2305 3508; x_wconf 88' lang='lat' dir='ltr'><strong>occisum</strong></span> <span class='ocrx_word' id='word_1_243' title='bbox 2354 3465 2392 3506; x_wconf 92' lang='lat' dir='ltr'><strong>a</strong></span> <span class='ocrx_word' id='word_1_244' title='bbox 2435 3464 2503 3505; x_wconf 90' lang='lat' dir='ltr'><strong>se</strong></span> <span class='ocrx_word' id='word_1_245' title='bbox 2541 3439 2859 3505; x_wconf 91' lang='lat' dir='ltr'><strong>Othonem</strong></span> 
     </span>
     <span class='ocr_line' id='line_1_30' title="bbox 565 3548 2861 3637; baseline -0.002 -23"><span class='ocrx_word' id='word_1_246' title='bbox 565 3551 896 3637; x_wconf 84' lang='lat' dir='ltr'><strong>glorianti:</strong></span> <span class='ocrx_word' id='word_1_247' title='bbox 955 3572 1099 3633; x_wconf 93' lang='lat' dir='ltr'><strong>quo</strong></span> <span class='ocrx_word' id='word_1_248' title='bbox 1147 3551 1507 3615; x_wconf 77' lang='lat' dir='ltr'><strong>auctore?</strong></span> <span class='ocrx_word' id='word_1_249' title='bbox 1561 3551 1989 3634; x_wconf 89' lang='lat' dir='ltr'><strong>responderit,</strong></span> <span class='ocrx_word' id='word_1_250' title='bbox 2046 3554 2236 3632; x_wconf 88' lang='lat' dir='ltr'><strong>atque</strong></span> <span class='ocrx_word' id='word_1_251' title='bbox 2285 3551 2352 3611; x_wconf 94' lang='lat' dir='ltr'><strong>in</strong></span> <span class='ocrx_word' id='word_1_252' title='bbox 2398 3548 2612 3612; x_wconf 84' lang='lat' dir='ltr'><strong>forum</strong></span> <span class='ocrx_word' id='word_1_253' title='bbox 2663 3569 2861 3631; x_wconf 91' lang='lat' dir='ltr'><strong>usque</strong></span> 
     </span>
     <span class='ocr_line' id='line_1_31' title="bbox 566 3656 2943 3745; baseline -0.002 -24"><span class='ocrx_word' id='word_1_254' title='bbox 566 3658 895 3741; x_wconf 87' lang='lat' dir='ltr'><strong>processit.</strong></span> <span class='ocrx_word' id='word_1_255' title='bbox 978 3657 1071 3745; x_wconf 84' lang='lat' dir='ltr'><strong>ibi</strong></span> <span class='ocrx_word' id='word_1_256' title='bbox 1118 3658 1391 3741; x_wconf 89' lang='lat' dir='ltr'><strong>equites,</strong></span> <span class='ocrx_word' id='word_1_257' title='bbox 1452 3657 1685 3740; x_wconf 89' lang='lat' dir='ltr'><strong>quibus</strong></span> <span class='ocrx_word' id='word_1_258' title='bbox 1734 3656 2033 3720; x_wconf 88' lang='lat' dir='ltr'><strong>mandata</strong></span> <span class='ocrx_word' id='word_1_259' title='bbox 2079 3656 2300 3720; x_wconf 89' lang='lat' dir='ltr'><strong>caedes</strong></span> <span class='ocrx_word' id='word_1_260' title='bbox 2347 3659 2510 3733; x_wconf 86' lang='lat' dir='ltr'><strong>erat,</strong></span> <span class='ocrx_word' id='word_1_261' title='bbox 2557 3676 2702 3719; x_wconf 93' lang='lat' dir='ltr'><strong>cum</strong></span> <span class='ocrx_word' id='word_1_262' title='bbox 2749 3676 2863 3738; x_wconf 91' lang='lat' dir='ltr'><strong>per</strong></span> <span class='ocrx_word' id='word_1_263' title='bbox 2889 3679 2943 3719; x_wconf 76' lang='lat' dir='ltr'><strong>so</strong></span> 
     </span>
     <span class='ocr_line' id='line_1_32' title="bbox 566 3762 2861 3850; baseline -0.002 -21"><span class='ocrx_word' id='word_1_264' title='bbox 566 3765 897 3850; x_wconf 89' lang='lat' dir='ltr'><strong>publicum</strong></span> <span class='ocrx_word' id='word_1_265' title='bbox 937 3764 1181 3829; x_wconf 91' lang='lat' dir='ltr'><strong>dimota</strong></span> <span class='ocrx_word' id='word_1_266' title='bbox 1217 3785 1614 3849; x_wconf 86' lang='lat' dir='ltr'><strong>paganorum</strong></span> <span class='ocrx_word' id='word_1_267' title='bbox 1656 3764 1846 3828; x_wconf 90' lang='lat' dir='ltr'><strong>turba</strong></span> <span class='ocrx_word' id='word_1_268' title='bbox 1885 3784 2082 3846; x_wconf 89' lang='lat' dir='ltr'><strong>equos</strong></span> <span class='ocrx_word' id='word_1_269' title='bbox 2121 3763 2501 3848; x_wconf 88' lang='lat' dir='ltr'><strong>adegissent,</strong></span> <span class='ocrx_word' id='word_1_270' title='bbox 2538 3762 2679 3825; x_wconf 88' lang='lat' dir='ltr'><strong>uiso</strong></span> <span class='ocrx_word' id='word_1_271' title='bbox 2717 3783 2861 3845; x_wconf 88' lang='lat' dir='ltr'><strong>pro·</strong></span> 
     </span>
     <span class='ocr_line' id='line_1_33' title="bbox 568 3868 2861 3955; baseline -0.003 -17"><span class='ocrx_word' id='word_1_272' title='bbox 568 3870 674 3938; x_wconf 91' lang='lat' dir='ltr'><strong>cul</strong></span> <span class='ocrx_word' id='word_1_273' title='bbox 721 3893 794 3937; x_wconf 93' lang='lat' dir='ltr'><strong>eo</strong></span> <span class='ocrx_word' id='word_1_274' title='bbox 841 3894 1187 3954; x_wconf 88' lang='lat' dir='ltr'><strong>parumper</strong></span> <span class='ocrx_word' id='word_1_275' title='bbox 1231 3872 1632 3955; x_wconf 81' lang='lat' dir='ltr'><strong>restiterunt3</strong></span> <span class='ocrx_word' id='word_1_276' title='bbox 1680 3870 1827 3934; x_wconf 90' lang='lat' dir='ltr'><strong>dein</strong></span> <span class='ocrx_word' id='word_1_277' title='bbox 1863 3892 2117 3934; x_wconf 89' lang='lat' dir='ltr'><strong>rursum</strong></span> <span class='ocrx_word' id='word_1_278' title='bbox 2166 3869 2417 3934; x_wconf 86' lang='lat' dir='ltr'><strong>incitati</strong></span> <span class='ocrx_word' id='word_1_279' title='bbox 2459 3868 2778 3932; x_wconf 88' lang='lat' dir='ltr'><strong>desertum</strong></span> <span class='ocrx_word' id='word_1_280' title='bbox 2824 3890 2861 3930; x_wconf 93' lang='lat' dir='ltr'><strong>a</strong></span> 
     </span>
     <span class='ocr_line' id='line_1_34' title="bbox 568 3978 1286 4044; baseline -0.003 0"><span class='ocrx_word' id='word_1_281' title='bbox 568 3981 699 4044; x_wconf 92' lang='lat' dir='ltr'><strong>suis</strong></span> <span class='ocrx_word' id='word_1_282' title='bbox 749 3978 1286 4044; x_wconf 87' lang='lat' dir='ltr'><strong>contrucidarunt.</strong></span> 
     </span>
    </p>
   </div>
   <div class='ocr_carea' id='block_1_3' title="bbox 711 4134 2171 4203">
    <p class='ocr_par' dir='ltr' id='par_1_7' title="bbox 711 4134 2171 4203">
     <span class='ocr_line' id='line_1_35' title="bbox 711 4134 2171 4203; baseline -0.003 -14"><span class='ocrx_word' id='word_1_283' title='bbox 711 4144 773 4190; x_wconf 83' lang='lat'><strong>21</strong></span> <span class='ocrx_word' id='word_1_284' title='bbox 829 4137 1010 4191; x_wconf 76' lang='lat' dir='ltr'><strong>Victor</strong></span> <span class='ocrx_word' id='word_1_285' title='bbox 1049 4137 1196 4190; x_wconf 80' lang='lat' dir='ltr'><strong>Caes.</strong></span> <span class='ocrx_word' id='word_1_286' title='bbox 1228 4140 1277 4202; x_wconf 89' lang='lat'><strong>6,</strong></span> <span class='ocrx_word' id='word_1_287' title='bbox 1305 4139 1343 4188; x_wconf 79' lang='lat'><em>2</em></span> <span class='ocrx_word' id='word_1_288' title='bbox 1380 4134 1555 4187; x_wconf 89' lang='lat' dir='ltr'><strong>lorica</strong></span> <span class='ocrx_word' id='word_1_289' title='bbox 1590 4137 1774 4188; x_wconf 87' lang='lat' dir='ltr'><strong>tectus</strong></span> <span class='ocrx_word' id='word_1_290' title='bbox 1814 4135 1988 4203; x_wconf 77' lang='lat' dir='ltr'><strong>(Epit.</strong></span> <span class='ocrx_word' id='word_1_291' title='bbox 2022 4139 2072 4200; x_wconf 89' lang='lat'><strong>6,</strong></span> <span class='ocrx_word' id='word_1_292' title='bbox 2100 4137 2171 4202; x_wconf 80' lang='lat'><strong>4).</strong></span> 
     </span>
    </p>
   </div>
   <div class='ocr_carea' id='block_1_4' title="bbox 776 4088 993 4094">
    <p class='ocr_par' dir='ltr' id='par_1_8' title="bbox 776 4088 993 4094">
     <span class='ocr_line' id='line_1_36' title="bbox 776 4088 993 4094; baseline 0 0"><span class='ocrx_word' id='word_1_293' title='bbox 776 4088 993 4094; x_wconf 95' lang='lat' dir='ltr'><strong> </strong></span> 
     </span>
    </p>
   </div>
   <div class='ocr_carea' id='block_1_5' title="bbox 568 4241 758 4247">
    <p class='ocr_par' dir='ltr' id='par_1_9' title="bbox 568 4241 758 4247">
     <span class='ocr_line' id='line_1_37' title="bbox 568 4241 758 4247; baseline 0 0"><span class='ocrx_word' id='word_1_294' title='bbox 568 4241 758 4247; x_wconf 95' lang='lat' dir='ltr'><strong> </strong></span> 
     </span>
    </p>
   </div>
   <div class='ocr_carea' id='block_1_6' title="bbox 795 4240 994 4246">
    <p class='ocr_par' dir='ltr' id='par_1_10' title="bbox 795 4240 994 4246">
     <span class='ocr_line' id='line_1_38' title="bbox 795 4240 994 4246; baseline 0 0"><span class='ocrx_word' id='word_1_295' title='bbox 795 4240 994 4246; x_wconf 95' lang='lat' dir='ltr'><strong> </strong></span> 
     </span>
    </p>
   </div>
   <div class='ocr_carea' id='block_1_7' title="bbox 568 4290 2868 4604">
    <p class='ocr_par' dir='ltr' id='par_1_11' title="bbox 568 4290 2868 4604">
     <span class='ocr_line' id='line_1_39' title="bbox 713 4290 2868 4367; baseline -0.001 -18"><span class='ocrx_word' id='word_1_296' title='bbox 713 4303 739 4349; x_wconf 91' lang='lat'>1</span> <span class='ocrx_word' id='word_1_297' title='bbox 780 4296 1190 4367; x_wconf 87' lang='lat' dir='ltr'><strong>manifestiora]</strong></span> <span class='ocrx_word' id='word_1_298' title='bbox 1221 4295 1438 4349; x_wconf 90' lang='lat' dir='ltr'><strong>maiora</strong></span> <span class='ocrx_word' id='word_1_299' title='bbox 1466 4297 1523 4348; x_wconf 90' lang='lat' dir='ltr'><strong>et</strong></span> <span class='ocrx_word' id='word_1_300' title='bbox 1549 4293 1801 4347; x_wconf 87' lang='lat' dir='ltr'><strong>tristiora</strong></span> <span class='ocrx_word' id='word_1_301' title='bbox 1832 4297 1882 4346; x_wconf 82' lang='grc' dir='ltr'><em>Τ</em></span> <span class='ocrx_word' id='word_1_302' title='bbox 1988 4299 2019 4346; x_wconf 82' lang='grc'>3</span> <span class='ocrx_word' id='word_1_303' title='bbox 2060 4297 2224 4363; x_wconf 85' lang='lat' dir='ltr'><strong>gazta</strong></span> <span class='ocrx_word' id='word_1_304' title='bbox 2254 4296 2328 4348; x_wconf 88' lang='lat' dir='ltr'><strong><em>M</em></strong></span> <span class='ocrx_word' id='word_1_305' title='bbox 2434 4298 2499 4345; x_wconf 91' lang='lat'><strong>10</strong></span> <span class='ocrx_word' id='word_1_306' title='bbox 2529 4290 2764 4345; x_wconf 79' lang='lat' dir='ltr'><strong>ficticfili</strong></span> <span class='ocrx_word' id='word_1_307' title='bbox 2793 4293 2868 4346; x_wconf 87' lang='lat' dir='ltr'><strong><em>M</em></strong></span> 
     </span>
     <span class='ocr_line' id='line_1_40' title="bbox 570 4372 2862 4443; baseline -0.001 -15"><span class='ocrx_word' id='word_1_308' title='bbox 570 4382 633 4429; x_wconf 91' lang='lat'><strong>11</strong></span> <span class='ocrx_word' id='word_1_309' title='bbox 665 4378 751 4430; x_wconf 90' lang='lat' dir='ltr'><strong>est</strong></span> <span class='ocrx_word' id='word_1_310' title='bbox 770 4376 944 4430; x_wconf 87' lang='lat' dir='ltr'><strong>etiam</strong></span> <span class='ocrx_word' id='word_1_311' title='bbox 964 4378 1029 4443; x_wconf 84' lang='lat' dir='ltr'><strong>G,</strong></span> <span class='ocrx_word' id='word_1_312' title='bbox 1060 4378 1147 4429; x_wconf 87' lang='lat' dir='ltr'><strong>est</strong></span> <span class='ocrx_word' id='word_1_313' title='bbox 1164 4394 1264 4430; x_wconf 85' lang='lat' dir='ltr'><strong>om.</strong></span> <span class='ocrx_word' id='word_1_314' title='bbox 1286 4377 1397 4430; x_wconf 86' lang='lat' dir='ltr'><strong>PT</strong></span> <span class='ocrx_word' id='word_1_315' title='bbox 1500 4380 1566 4428; x_wconf 80' lang='lat'><strong>12</strong></span> <span class='ocrx_word' id='word_1_316' title='bbox 1592 4373 1843 4428; x_wconf 86' lang='lat' dir='ltr'><strong>euolasse</strong></span> <span class='ocrx_word' id='word_1_317' title='bbox 1863 4378 1922 4427; x_wconf 84' lang='grc' dir='ltr'><em>Χ</em></span> <span class='ocrx_word' id='word_1_318' title='bbox 2028 4380 2093 4427; x_wconf 82' lang='grc'><strong>14</strong></span> <span class='ocrx_word' id='word_1_319' title='bbox 2121 4374 2290 4428; x_wconf 88' lang='lat' dir='ltr'><strong>obliti</strong></span> <span class='ocrx_word' id='word_1_320' title='bbox 2311 4376 2385 4428; x_wconf 90' lang='lat' dir='ltr'><em>M</em></span> <span class='ocrx_word' id='word_1_321' title='bbox 2489 4375 2718 4427; x_wconf 83' lang='lat' dir='ltr'><strong>senectu</strong></span> <span class='ocrx_word' id='word_1_322' title='bbox 2740 4372 2862 4436; x_wconf 64' lang='lat' dir='ltr'><strong>Ma,</strong></span> 
     </span>
     <span class='ocr_line' id='line_1_41' title="bbox 568 4451 2864 4524; baseline -0.003 -14"><span class='ocrx_word' id='word_1_323' title='bbox 568 4458 854 4510; x_wconf 83' lang='lat' dir='ltr'><strong>senectute</strong></span> <span class='ocrx_word' id='word_1_324' title='bbox 869 4456 920 4511; x_wconf 76' lang='lat' dir='ltr'><strong><em>G</em></strong></span> <span class='ocrx_word' id='word_1_325' title='bbox 998 4456 1243 4510; x_wconf 88' lang='lat' dir='ltr'><strong>locatam</strong></span> <span class='ocrx_word' id='word_1_326' title='bbox 1259 4456 1310 4510; x_wconf 79' lang='lat' dir='ltr'><strong><em>G</em></strong></span> <span class='ocrx_word' id='word_1_327' title='bbox 1391 4461 1453 4507; x_wconf 84' lang='lat'><strong>21</strong></span> <span class='ocrx_word' id='word_1_328' title='bbox 1480 4455 1801 4523; x_wconf 87' lang='lat' dir='ltr'><strong>diuersique</strong></span> <span class='ocrx_word' id='word_1_329' title='bbox 1813 4455 1994 4508; x_wconf 76' lang='lat' dir='ltr'><strong>Bentl.</strong></span> <span class='ocrx_word' id='word_1_330' title='bbox 2070 4462 2137 4508; x_wconf 78' lang='lat'><strong>25</strong></span> <span class='ocrx_word' id='word_1_331' title='bbox 2158 4454 2505 4524; x_wconf 85' lang='lat' dir='ltr'><strong>dissiparunt</strong></span> <span class='ocrx_word' id='word_1_332' title='bbox 2517 4454 2587 4506; x_wconf 88' lang='lat' dir='ltr'><strong><em>M</em></strong></span> <span class='ocrx_word' id='word_1_333' title='bbox 2594 4452 2628 4519; x_wconf 85' lang='lat'><strong>¹,</strong></span> <span class='ocrx_word' id='word_1_334' title='bbox 2650 4451 2864 4521; x_wconf 88' lang='lat' dir='ltr'><strong>disper-</strong></span> 
     </span>
     <span class='ocr_line' id='line_1_42' title="bbox 569 4530 2861 4604; baseline -0.003 -16"><span class='ocrx_word' id='word_1_335' title='bbox 569 4538 756 4589; x_wconf 88' lang='lat' dir='ltr'><strong>serant</strong></span> <span class='ocrx_word' id='word_1_336' title='bbox 776 4536 819 4590; x_wconf 81' lang='lat' dir='ltr'><strong><em>S</em></strong></span> <span class='ocrx_word' id='word_1_337' title='bbox 906 4541 971 4589; x_wconf 79' lang='lat'><strong>26</strong></span> <span class='ocrx_word' id='word_1_338' title='bbox 1002 4537 1322 4604; x_wconf 87' lang='lat' dir='ltr'><strong>frequentes</strong></span> <span class='ocrx_word' id='word_1_339' title='bbox 1343 4535 1604 4591; x_wconf 76' lang='lat' dir='ltr'><strong><em>GHRPS</em></strong></span> <span class='ocrx_word' id='word_1_340' title='bbox 1610 4537 1667 4600; x_wconf 84' lang='lat' dir='ltr'><strong>T,</strong></span> <span class='ocrx_word' id='word_1_341' title='bbox 1690 4537 1802 4588; x_wconf 89' lang='lat' dir='ltr'><strong>-ter</strong></span> <span class='ocrx_word' id='word_1_342' title='bbox 1826 4534 1886 4603; x_wconf 74' lang='lat' dir='ltr'><strong>Q,</strong></span> <span class='ocrx_word' id='word_1_343' title='bbox 1908 4534 2047 4587; x_wconf 88' lang='lat' dir='ltr'><strong>-tius</strong></span> <span class='ocrx_word' id='word_1_344' title='bbox 2066 4533 2148 4588; x_wconf 80' lang='lat' dir='ltr'><strong>L⁸</strong></span> <span class='ocrx_word' id='word_1_345' title='bbox 2231 4538 2298 4586; x_wconf 89' lang='grc'><strong>30</strong></span> <span class='ocrx_word' id='word_1_346' title='bbox 2326 4530 2662 4601; x_wconf 87' lang='lat' dir='ltr'><strong>processerit</strong></span> <span class='ocrx_word' id='word_1_347' title='bbox 2679 4530 2861 4583; x_wconf 76' lang='lat' dir='ltr'><strong>Bentl.</strong></span> 
     </span>
    </p>
   </div>
  </div>
 </body>
</html>
