3325 5209
1419 449 1829 505 PRAEFATIO
2596 448 2774 505 ΧΧΙΧ

469 621 542 676 in
597 622 1020 679 commentario
1075 620 1413 679 accuratius
1466 620 1768 678 tractandi
1822 623 2010 680 erunt.
2092 621 2290 696 recepi
2333 638 2365 677 e
2411 620 2770 679 Memmiano

477 708 761 767 lectiones
809 727 988 784 quam
1034 709 1347 785 plurimas,
1414 706 1628 784 quibus
1677 707 1728 767 si
1782 709 2080 769 addideris
2134 710 2199 767 in
2243 710 2355 768 hac
2401 709 2770 783 praefatione

465 803 968 857 commemoratas
1023 798 1321 875 integrum
1377 799 1499 857 fere
1547 797 1807 858 codicem
1854 816 2191 875 expressum
2238 797 2506 871 habebis;
2555 818 2585 857 e
2632 798 2770 857 reli-

465 883 609 970 quis
655 887 930 963 selectae,
992 890 1051 945 et
1095 890 1185 946 ita
1230 887 1471 964 quidem
1515 890 1585 945 ut
1628 889 1896 947 notarem
1944 888 2188 946 lacunas
2233 886 2643 962 notabiliores,
2708 887 2770 945 id

467 979 571 1035 est
615 995 798 1034 unum
844 977 943 1035 uel
988 977 1163 1052 plura
1209 977 1502 1036 uocabula
1548 979 1784 1050 omissa,
1830 995 2031 1036 omnes
2077 996 2147 1034 ex
2191 975 2252 1035 G
2298 979 2360 1036 et
2415 977 2473 1036 V
2508 976 2770 1052 itemque

479 1084 550 1122 ex
594 1065 883 1125 classibus
932 1066 996 1124 X
1038 1070 1097 1126 et
1146 1069 1220 1141 Y,
1281 1085 1473 1168 neque
1526 1067 1725 1125 minus
1768 1067 2189 1126 traiectionum
2235 1065 2342 1140 qui
2385 1066 2770 1124 inueniuntur

462 1173 718 1228 -erroreS,
765 1174 897 1214 cum
944 1157 1093 1214 talia
1137 1157 1394 1215 maxime
1439 1155 1654 1214 idonea
1693 1156 1815 1213 sint
1850 1154 1929 1214 ad
1964 1154 2441 1232 constituendum
2479 1154 2768 1215 librorum

462 1246 726 1302 stemma
782 1243 1314 1320 adscribendosque
1370 1247 1564 1303 certae
1621 1244 1800 1303 classi
1853 1244 2084 1304 codices
2130 1261 2315 1302 nouos
2362 1243 2414 1302 si
2460 1244 2567 1320 11111
2611 1245 2765 1303 forte

469 1332 947 1411 inuestigauerit.
1031 1337 1238 1393 contra
1282 1333 1514 1412 neglexi
1559 1333 1683 1391 fere
1729 1334 1963 1393 litteras
2010 1333 2339 1410 singulares
2386 1331 2765 1409 syllabasque

468 1422 709 1498 passim,
753 1425 823 1480 ut
869 1422 1116 1497 adsolet,
1162 1427 1435 1481 currente
1482 1423 1622 1481 stilo
1683 1425 2133 1499 praetermissas
2178 1423 2277 1481 uel
2324 1421 2573 1481 additas,
2665 1422 2768 1480 sed

469 1511 688 1569 talium
745 1529 976 1587 quoque
1032 1514 1328 1588 specimen
1376 1544 1459 1553 —-
1510 1511 1668 1587 quod
1716 1511 1794 1570 ad
1838 1513 1921 1571 M
1960 1511 2179 1571 attinet
2219 1511 2629 1587 plenissimum
2676 1541 2765 1551 —-

454 1599 731 1658 -dandum
775 1602 1008 1677 putaui,
1053 1621 1126 1660 ne
1170 1600 1319 1676 quid
1365 1601 1736 1660 desideretur
1781 1601 1942 1677 quod
1987 1602 2252 1660 conferre
2288 1601 2481 1677 possit
2518 1600 2593 1658 ad
2634 1620 2763 1676 per-

470 1689 834 1765 spiciendam
872 1690 1428 1765 inlustrandamque
1465 1690 1776 1749 meliorum
1806 1690 2096 1750 librorum
2122 1689 2400 1748 indolem.
2464 1689 2528 1746 in
2566 1690 2763 1748 ortho-

455 1778 768 1855 graphicis
814 1777 1267 1854 Memmianum,
1321 1782 1390 1837 ut
1415 1799 1547 1854 >par
1591 1783 1709 1853 est,
1754 1779 1857 1838 ubi
1901 1779 2032 1837 fieri
2078 1779 2277 1854 potuit
2322 1779 2420 1837 1101
2464 1778 2570 1836 ubi
2616 1779 2763 1838 utile

468 1868 664 1926 uisum
711 1872 817 1943 est,
863 1873 1100 1928 secutus
1147 1887 1294 1926 sum.
1385 1888 1505 1928 non
1549 1887 1741 1945 pauca
1787 1871 2086 1945 reuocaui,
2130 1886 2283 1943 quae
2330 1867 2556 1943 priores
2603 1885 2762 1943 spre-

452 1960 701 2032 uerunt,
750 1961 815 2016 at
857 1977 978 2016 non
1022 1976 1159 2017 raro
1204 1959 1266 2015 in
1316 1957 1706 2018 deterioribus
1751 1957 1919 2015 libris
1966 1956 2466 2032 adquiescendum
2501 1956 2621 2015 fuit
2658 1961 2764 2016 aut

452 2046 707 2104 -omnino
768 2045 842 2103 ab
896 2047 1210 2123 archetypi
1264 2048 1517 2105 lectione
1571 2044 1977 2105 recedendum.
2069 2046 2279 2104 horum
2334 2062 2570 2120 quoque
2625 2064 2761 2104 con-

454 2138 734 2210 spectum
796 2137 956 2194 infra
1014 2136 1298 2195 inuenies,
1389 2136 1461 2195 de
1525 2134 1952 2211 expilatoribus
2010 2134 2259 2193 Suetoni
2322 2136 2425 2209 qui
2483 2133 2763 2193 dicuntur

467 2224 629 2283 locus
677 2225 774 2284 hic
819 2243 938 2283 non
986 2230 1075 2284 est
1119 2228 1189 2283 ut
1235 2225 1528 2301 copiosius
1575 2224 1877 2284 disseram.
1952 2224 2058 2299 qui
2101 2243 2237 2283 cum
2284 2222 2555 2282 omnibus
2590 2222 2760 2283 libris

453 2314 885 2388 superstitibus
914 2314 1107 2372 multo
1137 2313 1260 2373 sint
1278 2314 1655 2386 uetustiores„
1676 2312 2029 2391 neglegendi
2054 2312 2298 2371 minime
2327 2313 2587 2371 fuerunt.
2642 2315 2759 2370 ret-

466 2401 582 2460 tuli
627 2402 816 2479 igitur
866 2403 1025 2461 inter
1079 2403 1422 2462 testimonia
1479 2403 1639 2461 locos
1696 2404 2053 2476 scriptorum
2096 2401 2400 2460 uariomm
2414 2446 2428 2474 ,
2491 2419 2641 2476 quos
2688 2419 2760 2460 ex

451 2489 828 2549 {Suetoniano
873 2495 1054 2566 puteo
1099 2491 1369 2551 hausisse
1416 2491 1513 2550 uel
1561 2494 1790 2549 certum
1837 2491 1934 2549 uel
1980 2490 2289 2567 probabile
2336 2493 2426 2549 est
2439 2483 2520 2571 1);
2582 2489 2757 2565 Poly-

449 2597 675 2638 aenum
726 2580 886 2654 dico,
931 2584 1000 2639 ut
1044 2583 1306 2657 potiores
1353 2599 1718 2651 enumerem,
1767 2579 2147 2656 Eutropium,
2194 2580 2511 2639 Aurelium
2551 2577 2758 2638 Victo-

462 2688 588 2727 rem
632 2666 799 2749 (cum
844 2671 1102 2746 epitome
1148 2689 1301 2745 quae
1349 2670 1474 2728 eius
1519 2670 1759 2731 nomine
1806 2662 2042 2748 fertur),
2079 2670 2429 2743 Ausonium,
2467 2667 2756 2728 Orosium.

450 2760 702 2833 parcior
764 2758 851 2817 fui
913 2759 977 2816 in
1040 2758 1355 2818 laudandis
1420 2759 1808 2834 scriptoribus
1867 2759 2152 2817 historiae
2207 2760 2544 2835 Augustae,
2609 2775 2758 2832 quos

463 2846 794 2907 imitatores
859 2847 1059 2924 potius
1124 2847 1357 2907 dixeris.
1371 2840 1422 2929 ¹)
1516 2849 1586 2906 de
1649 2849 1744 2906 his
1809 2848 2088 2923 aliisque,
2141 2848 2312 2907 uelut
2367 2847 2438 2905 de
2492 2846 2757 2905 fontibus

450 2934 728 3010 isuetoni,
775 2936 845 2994 de
892 2938 1140 3010 ratione,
1192 2956 1343 3012 quae
1390 2938 1548 2996 inter
1591 2956 1728 2995 eum
1776 2941 1835 2996 et
1882 2937 2156 2996 Tacitum
2201 2936 2558 3009 intercedat,
2622 2934 2756 3011 plus

452 3026 650 3084 ,000101
692 3027 757 3083 111
803 3028 1251 3085 commentario‘
1276 3045 1467 3086 sermo
1513 3027 1818 3085 inferetur.
1894 3026 2075 3086 attuli
2120 3029 2323 3085 tamen
2368 3028 2489 3083 iam
2534 3024 2597 3082 in
2632 3023 2755 3084 'hoc

462 3115 766 3173 uolumine
822 3134 974 3190 quae
1030 3115 1361 3174 necessaria
1408 3116 1508 3173 uel
1566 3115 2126 3190 impraesentiarum
2179 3114 2355 3173 utilia
2414 3114 2546 3174 uisa
2600 3118 2754 3172 sunt.

641 3202 972 3280 Conspectu
1034 3205 1406 3278 mendorum,
1471 3224 1646 3280 quem
1712 3204 2018 3278 subiunxi,
2083 3206 2317 3263 cautius
2373 3206 2443 3262 ut
2504 3205 2757 3261 utantur

465 3291 714 3352 lectores
759 3295 861 3351 uix
908 3296 998 3352 est
1035 3312 1141 3352 cur
1176 3312 1464 3354 moneam.
1529 3294 1690 3351 uarii
1725 3294 1883 3352 enim
1921 3294 2152 3371 generis
2191 3299 2333 3352 sunt
2368 3292 2755 3367 corruptelae,

463 3400 650 3457 neque
695 3401 935 3458 paucae,
982 3401 1137 3458 quae
1182 3383 1320 3442 aliis
1368 3402 1437 3440 ex
1493 3383 1713 3441 litteris
1760 3401 2067 3459 perperam
2117 3382 2286 3442 lectis
2332 3384 2545 3441 enatae
2588 3380 2752 3439 uide-

463 3469 704 3546 buntur,
750 3471 855 3530 alii
901 3490 970 3530 ex
1015 3472 1500 3547 pronuntiatione
1548 3472 1787 3548 uulgari
1832 3472 2124 3547 explicare
2166 3471 2408 3544 malent,
2455 3470 2562 3528 alii
2599 3487 2753 3527 com-

445 3578 670 3618 :munes
714 3562 1009 3635 tritosque
1056 3579 1279 3619 errores
1328 3561 1652 3619 scribarum
1697 3559 2076 3638 neglegentia
2114 3563 2274 3620 ortos
2312 3559 2752 3618 existimabunt.

463 3667 646 3724 quare
702 3649 971 3709 consulto
1026 3650 1298 3727 legitima
1353 3650 1805 3709 consonantium
1851 3649 2198 3727 digestione,
2249 3667 2429 3724 quam
2475 3667 2580 3708 suo
2625 3647 2753 3707 iure

446 3737 609 3798 artis
645 3739 1070 3817 grammaticae
1106 3739 1345 3814 patroni
1381 3739 1789 3815 postulabunt,
1835 3738 2113 3798 abstinui.
2191 3739 2255 3795 in
2301 3737 2753 3816 palaeographi-

446 3826 547 3886 -cis
594 3845 748 3903 quae
794 3830 992 3887 errata
1052 3832 1217 3902 sunt,
1281 3830 1529 3905 partim,
1585 3831 1655 3886 ut
1701 3828 1823 3886 iam
1877 3828 2238 3907 significaui,
2295 3846 2364 3886 ex
2408 3827 2752 3885 litteratura

464 3916 711 3991 capitali
756 3916 1130 3993 explicantur
1142 3910 1212 3998 3),
1258 3917 1481 3993 partim
1526 3937 1669 3976 uero
1716 3936 1788 3977 ex
1831 3917 2163 3976 minuscula
2209 3935 2399 3992 neque
2443 3935 2579 3975 raro
2621 3916 2752 3991 tali,

640 4178 692 4244 1)
730 4175 877 4228 Roth
906 4176 1082 4245 praef.
1112 4194 1166 4244 p.
1197 4175 1326 4229 XVI
1345 4193 1425 4244 sq.
1464 4175 1718 4243 XXXIV3
1759 4178 1828 4230 de
1858 4175 2034 4230 Dione
2064 4176 2152 4229 1111
2188 4175 2420 4229 minime
2449 4175 2748 4229 adsentior.

444 4246 530 4299 -de
569 4245 851 4300 Einhardo
889 4265 943 4300 u.
974 4265 1217 4316 suprap
1178 4245 1397 4316 p.VI.H

640 4321 692 4385 2)
723 4317 803 4373 cf.
824 4318 1049 4372 interim
1067 4318 1341 4386 Wclfflin,
1361 4318 1493 4373 Sitz.
1496 4319 1645 4373 -.Be1·
1678 4319 2058 4387 derk.baye1·.
2080 4318 2259 4373 Akad.
2280 4324 2413 4372 1891
2437 4337 2492 4387 p.
2515 4323 2617 4371 465
2630 4335 2748 4385 sqq.

456 4387 523 4513 Ε.
553 4388 751 4457 Klebs,
801 4390 1000 4443 Rhein.
1032 4390 1172 4444 Mus,
1208 4396 1273 4443 47
1314 4395 1495 4459 (1902)
1542 4409 1596 4459 p.
1637 4396 1845 4460 2681111.
1911 4391 1978 4445 H.
2009 4391 2197 4459 Peter,
2246 4391 2352 4444 Die
2399 4390 2588 4458 script.
2617 4389 2747 4441 hist.

442 4507 447 4511 .
631 4479 687 4529 p.
718 4433 819 4514 1²02
836 4479 901 4529 sq

510 4477 603 4530 ug
640 4536 691 4601 3)
727 4480 975 4586 V.inf(11·a
1008 4534 1354 4602 permutatas
1394 4535 1449 4588 b:
1460 4551 1512 4602 s,
1559 4550 1609 4587 0.
1721 4536 1769 4601 f.
1782 4554 1805 4589 v.
1877 4537 1922 4589 i.
1911 4535 1956 4587 ·l
1993 4534 2065 4587 al.
2140 4534 2208 4587 cf.
2258 4549 2466 4587 errores
2502 4530 2750 4596 fabriles,

442 4619 600 4672 quos
629 4621 657 4656 e
684 4603 869 4657 titulis
898 4604 1127 4674 collegit
1153 4603 1525 4674 Engelbertus
1547 4551 1867 4673 chneiden
1895 4606 2040 4660 Dial.
2061 4606 2183 4659 Ital.
2214 4621 2297 4659 ex.
2319 4605 2414 4658 801.
2433 4622 2490 4672 p.
2514 4607 2748 4670 12881111.
