3325 5209
550 399 684 467 238,
1219 399 1275 453 C.
1318 400 1631 454 SVETONI
1671 399 2118 465 TRANQVILLI

481 578 512 625 3
728 560 1023 626 Instituit
1060 567 1125 625 et
1155 563 1628 646 quinquennale
1659 568 1979 628 certamen
2009 563 2258 647 primus
2289 562 2577 626 omnium
2608 562 2850 626 Romae

550 691 728 733 more
776 667 1018 733 Graeco
1066 670 1321 754 triplex,
1369 670 1688 735 musicum
1735 670 2107 755 gymnicum
2158 674 2477 752 equestre,
2527 669 2699 752 quod
2744 692 2849 752 ap·

551 776 821 860 pellauit
863 775 929 841 N
930 777 1175 861 eronia3
1234 776 1675 859 dedicatisque
1729 776 2000 840 thermis
2047 780 2240 858 atque
2287 776 2625 860 gymnasio
2675 797 2850 839 sena-

550 883 648 946 tui
679 904 935 966 quoque
966 887 1030 946 et
1067 883 1270 965 equiti
1312 884 1524 947 oleum
1563 883 1876 968 praebuit.
1951 884 2298 968 magistros
2337 887 2475 947 toto
2516 882 2849 946 certamini

549 989 924 1073 praeposuit
962 989 1330 1053 consulares
1368 993 1561 1072 sorte,
1610 989 1759 1054 sede
1797 994 2184 1073 praetorum.
2261 989 2488 1054 deinde
2528 990 2593 1052 in
2633 988 2849 1053 orche-
2908 1013 2935 1054 5

556 1101 755 1160 stram
804 1100 1223 1179 senatumque
1273 1096 1598 1160 descendit
1646 1101 1712 1160 et
1757 1097 2067 1161 orationis
2116 1097 2373 1179 quidem
2422 1096 2851 1178 carminisque

554 1203 771 1268 Latini
831 1224 1163 1287 coronam,
1222 1202 1300 1264 de
1357 1225 1483 1285 qua
1537 1201 2034 1267 honestissimus
2091 1203 2365 1285 quisque
2419 1203 2851 1285 contenderat,

554 1310 844 1393 ipsorum
902 1331 1219 1375 consensu
1276 1330 1642 1374 concessam
1701 1310 1827 1373 sibi
1882 1310 2154 1393 recepit,
2212 1309 2494 1373 citharae
2551 1314 2764 1373 autem
2814 1331 2853 1371 a

449 1418 454 1429 ’
552 1416 873 1482 iudicibus
920 1417 1002 1480 ad
1049 1439 1117 1480 se
1163 1416 1441 1480 delatam
1479 1416 1775 1480 adorauit
1810 1416 2094 1499 ferrique
2132 1418 2211 1480 ad
2249 1415 2531 1501 Augusti
2571 1418 2849 1480 statuam

479 1539 511 1585 4
554 1523 759 1588 iussit.
863 1524 1164 1608 gymnico
1177 1573 1193 1605 ,
1264 1524 1437 1606 quod
1502 1524 1569 1589 in
1637 1521 1892 1608 Saeptis
1961 1524 2217 1607 edebat,
2280 1523 2450 1586 inter
2508 1522 2848 1606 buthysiae
2880 1547 2935 1586 10

550 1633 929 1713 apparatum
994 1629 1260 1693 barbam
1319 1630 1597 1713 primam
1667 1631 1886 1713 posuit
1947 1630 2401 1713 conditamque
2465 1631 2534 1693 in
2594 1651 2851 1693 auream

551 1735 854 1820 pyxidem
893 1740 957 1799 et
993 1735 1483 1820 pretiosissimis
1521 1737 1890 1821 margaritis
1929 1736 2306 1800 adornatam
2344 1735 2664 1819 Capitolio
2706 1758 2851 1800 con-

552 1843 840 1908 secrauit.
934 1844 1015 1906 ad
1082 1842 1468 1906 athletarum
1537 1843 1970 1926 spectaculum
2046 1844 2354 1907 inuitauit
2429 1848 2494 1907 et
2566 1843 2850 1928 uirgines

549 1950 860 2033 VestaleS,
908 1949 1058 2032 quia
1105 1947 1444 2033 Olympiae
1492 1972 1750 2032 quoque
1790 1949 2037 2014 Cereris
2078 1950 2520 2014 sacerdotibus
2559 1954 2851 2034 spectare

552 2057 939 2123 conceditur.
2878 2080 2929 2119 ιε

449 2159 536 2224 13
729 2163 882 2229 Non
918 2163 1240 2228 immerito
1279 2165 1447 2227 inter
1486 2164 1848 2246 spectacula
1884 2162 1965 2226 ab
2012 2186 2087 2226 eo
2127 2163 2299 2226 edita
2337 2167 2403 2226 et
2438 2162 2745 2226 Tiridatis
2784 2165 2850 2226 in

550 2272 775 2337 urbem
813 2271 1152 2334 introitum
1187 2270 1651 2352 ret<t>ulerim.
1728 2292 1918 2352 quem
1955 2269 2557 2354 Armeniae·regem
2596 2270 2851 2354 magnis

531 2377 1126 2462 ,pollicitationibus
1175 2376 1620 2461 sollicitatum,
1677 2397 1823 2441 cum
1871 2377 2192 2441 destinato
2250 2399 2365 2459 per
2419 2377 2696 2441 edictum
2749 2376 2850 2438 die

550 2488 925 2549 ostensurus
973 2482 1214 2568 populo
1261 2488 1525 2567 propter
1578 2483 1872 2547 nubilum
1925 2483 2308 2565 distulisset,
2364 2483 2674 2566 produxit
2722 2505 2850 2565 quo

551 2591 1048 2675 oportunissime
1094 2590 1334 2672 potuit,
1393 2590 1725 2673 dispositis
1782 2590 1951 2655 circa
1996 2589 2122 2654 fori
2159 2592 2400 2672 templa
2446 2589 2708 2653 armatis
2750 2611 2848 2654 co-
2880 2613 2932 2652 κο

549 2697 875 2779 hortibuS,
941 2697 1147 2760 curuli
1209 2696 1496 2760 residens
1571 2697 1743 2780 apud
1806 2701 2015 2760 rostra
2089 2696 2549 2780 triumphantis
2622 2695 2851 2759 habitu

479 2819 510 2864 2
550 2806 719 2868 inter
774 2805 960 2890 signa
1020 2804 1326 2867 militaria
1382 2808 1574 2886 atque
1630 2805 1885 2869 uexilla.
1979 2808 2042 2867 et
2096 2804 2308 2887 primo
2364 2825 2480 2887 per
2535 2803 2851 2866 deuexum

548 2912 875 2996 pulpitum
933 2910 1314 2975 subeuntem
1372 2911 1633 2973 admisit
1688 2911 1770 2974 ad
1824 2932 2033 2995 genua
2080 2910 2575 2992 adleuatumque
2623 2909 2853 2972 dextra

549 3018 958 3082 exosculatus
1022 3022 1146 3100 est,
1208 3018 1355 3081 dein
1412 3018 1704 3102 precanti
1757 3016 2048 3101 tiara[m]
2108 3016 2502 3101 deducta[m]
2556 3016 2852 3080 diadema

547 3125 860 3208 inposuit,
924 3125 1122 3189 uerba
1185 3125 1494 3209 supplicis
1559 3124 1980 3207 interpretata
2040 3126 2361 3208 praetorio
2418 3125 2556 3187 uiro
2614 3123 2832 3187 multi·
2877 3146 2927 3185 2⁵

548 3232 757 3295 tudini
811 3232 1298 3315 pronuntiante3
1353 3232 1737 3315 perductum
1795 3232 1942 3295 inde
1997 3231 2064 3294 in
2121 3231 2442 3294 theatrum
2502 3251 2577 3295 ac
2629 3252 2849 3294 rursus

548 3339 1016 3422 supplicantem
1067 3340 1249 3402 iuxta
1295 3360 1361 3401 se
1409 3338 1608 3402 latere
1656 3339 1882 3401 dextro
1933 3338 2314 3403 conlocauit.
2400 3338 2482 3402 ob
2521 3358 2682 3419 quae
2731 3338 2848 3400 im-

691 3588 720 3634 3
761 3584 828 3649 ef.
863 3584 1098 3651 Eutrop.
1134 3585 1255 3637 VH
1278 3588 1422 3649 15,2
1459 3584 1784 3638 aedificauit
1820 3584 2031 3638 Romae
2068 3585 2339 3651 thermas,
2388 3600 2531 3652 quae
2570 3584 2699 3636 ante
2737 3580 2847 3635 Ne·

545 3663 812 3719 ronianae
844 3663 1029 3716 dictae
1058 3681 1207 3716 nunc
1228 3663 1678 3717 Alexandrianae
1700 3662 2061 3733 appellantur
2090 3666 2510 3732 (Lampr.Ale.r.
2533 3664 2647 3718 Sev.
2669 3667 2761 3728 25,
2776 3666 2844 3731 3).

547 3744 704 3811 Epit.
737 3749 787 3808 5,
809 3747 842 3796 3
879 3742 1108 3796 lauacra
1148 3744 1471 3797 construxit.

690 3972 721 4019 3
759 3949 1018 4020 neroniat
1042 3967 1093 4020 G
1211 3973 1242 4018 4
1272 3969 1393 4019 toto
1412 3969 1484 4031 Ω,
1513 3967 1619 4019 toti
1650 3985 1683 4025 ς
1713 3969 1922 4037 (uuly.)‚
1960 3985 2035 4020 cm
2064 3970 2185 4020 toto
2216 3965 2561 4020 certamine?
2670 3971 2702 4019 ὅ
2734 3983 2846 4019 sor·

545 4051 630 4100 tes
669 4047 999 4115 edeptorum
1039 4049 1208 4114 (sorte
1244 4063 1329 4100 re-
1364 4047 1427 4115 Q)
1455 4049 1515 4112 Y,
1564 4049 1714 4101 sorte
1752 4046 2083 4100 selectorum
2124 4068 2178 4113 ρ,
2229 4050 2376 4099 sorte
2416 4047 2613 4099 ductos
2653 4046 2751 4099 sed
2789 4048 2848 4098 et

544 4127 855 4197 praetorios
886 4128 1118 4196 Bentley
1146 4127 1262 4195 (sed
1302 4129 1359 4179 et
1386 4127 1695 4195 praetorios
1717 4129 2040 4195 praeiuerat
2066 4127 2399 4194 Stephanu33
2441 4144 2487 4179 c.
2518 4129 2660 4192 oct0,
2691 4127 2848 4179 sede-

546 4209 655 4261 cim
692 4207 1003 4275 praetorios
1044 4207 1399 4275 Cornelissen)
1526 4214 1556 4258 8
1597 4207 1887 4274 cytharam
1917 4207 1960 4261 S
2081 4213 2143 4261 11
2183 4206 2428 4275 primum
2459 4208 2531 4260 M
2538 4207 2554 4237 ¹
2677 4223 2847 4259 aurea

544 4288 736 4357 pixide
775 4288 842 4340 H
1022 4294 1084 4340 12
1126 4289 1184 4340 et
1220 4288 1321 4341 del.
1351 4288 1583 4357 Bentley
1765 4286 2072 4355 capitolino
2104 4287 2213 4340 LP
2247 4287 2400 4355 (Ioui.
2426 4285 2557 4356 Cap.
2596 4288 2850 4355 Casaub.)

548 4375 613 4420 14
654 4366 916 4435 Olympia
953 4368 1186 4422 Gasaub.
1334 4372 1397 4420 19
1438 4366 1735 4421 detulisset
1773 4366 2071 4436 eproduxit
2100 4368 2172 4420 M
2209 4368 2298 4433 (de
2335 4384 2470 4421 corr.
2512 4370 2571 4420 in
2611 4367 2698 4419 dis
2732 4365 2847 4435 Μ’)

546 4453 613 4501 23
654 4447 882 4499 dextera
915 4448 966 4502 G
1113 4453 1179 4499 24
1220 4447 1422 4501 deinde
1459 4449 1539 4501 Τδ
1667 4446 1814 4500 tiara
1853 4448 2096 4500 deducta
2136 4466 2168 4506 ς
2207 4448 2576 4517 (Beroaldus),
2608 4446 2847 4500 diariam

546 4529 842 4580 deductam
875 4530 926 4579 Ω.
1100 4534 1165 4579 25
1199 4529 1256 4580 et
1293 4534 1418 4581 ante
1446 4527 1729 4595 praetorio
1760 4528 1887 4581 add.
1926 4529 1974 4582 G
