3325 5209
606 427 732 493 148
1300 428 1355 483 C.
1396 429 1710 483 SVETONI
1747 428 2190 494 TRANQVILLI

601 592 926 676 praeclara
973 593 1141 657 facta
1179 594 1313 657 eius
1350 615 1469 676 pro
1510 592 1922 677 superuacuis
1971 592 2238 657 eleuarit
2285 596 2350 656 et
2394 591 2892 678 gloriosissimas

600 698 906 763 uictorias
956 720 1071 763 ceu
1118 699 1455 764 damnosas
1504 700 1594 763 rei
1641 722 1703 783 p.
1751 700 2120 783 increparet.
2208 698 2381 782 quod
2426 721 2581 763 uero
2619 698 2893 763 Alexan-

601 805 815 869 dream
861 811 1128 890 propter
1171 807 1549 870 immensam
1597 810 1661 869 et
1706 805 2105 890 repentinam
2152 806 2388 870 famem
2424 805 2789 870 inconsulto
2828 827 2893 870 se

527 927 558 975 3
601 911 852 994 adisset,
900 917 1163 995 questus
1221 917 1317 978 est
1372 913 1440 976 in
1497 918 1738 978 senatu
1824 913 2016 977 etiam
2074 934 2263 977 causa
2318 913 2544 977 mortis
2591 913 2788 977 fuisse
2835 913 2894 976 ei

599 1041 715 1102 per
763 1018 874 1082 On.
920 1018 1221 1084 Pisonem
1276 1020 1564 1105 legatum
1623 1018 1846 1103 Syriae
1903 1019 2212 1104 creditur,
2266 1041 2457 1101 quem
2503 1041 2654 1083 mox
2701 1019 2893 1083 huius
2949 1045 2976 1085 5

603 1124 890 1190 criminis
947 1149 1127 1191 reum
1180 1130 1413 1209 putant
1470 1127 1732 1209 quidam
1787 1126 2088 1190 mandata
2141 1126 2577 1211 prolaturum,
2641 1125 2767 1189 nisi
2820 1148 2893 1189 ea

603 1237 846 1297 secreto
894 1237 1219 1298 ostentant
1255 1234 1297 1316 <
1302 1283 1492 1298 ......
1495 1234 1537 1316 >
1583 1255 1745 1316 quae
1792 1233 2213 1297 multifariam
2251 1233 2632 1317 inscriptum
2670 1236 2735 1296 et
2778 1254 2895 1317 per

598 1343 820 1404 noctes
886 1339 1295 1403 celeberrime
1360 1321 1810 1405 adclamatum*
1855 1343 1978 1404 est:
2045 1340 2273 1404 redde
2341 1338 2893 1403 Germanicum!

602 1468 794 1530 quam
843 1447 1276 1529 suspicionem
1333 1446 1743 1511 confirmauit
1796 1447 1935 1531 ipse
1988 1451 2214 1531 postea
2260 1446 2532 1532 coniuge
2579 1447 2774 1511 etiam
2821 1467 2896 1509 ac

598 1552 822 1616 liberis
872 1552 1236 1617 Germanici
1283 1553 1602 1617 crudelem
1650 1554 1718 1617 in
1765 1554 2028 1618 modum
2076 1554 2349 1617 afflictis
2923 1579 2976 1619 ιο

492 1654 583 1721 53
778 1658 1035 1724 Nurum
1063 1659 1495 1746 Agrippinam
1532 1665 1681 1745 post
1717 1661 1936 1725 mariti
1972 1665 2247 1725 mortem
2283 1660 2551 1725 liberius
2590 1660 2892 1743 quiddam

599 1770 892 1849 questam
932 1790 1123 1831 manu
1164 1767 1591 1852 apprehendit
1630 1766 1999 1852 Graecoque
2036 1790 2230 1832 uersu
2265 1769 2456 1851 (eom.
2476 1768 2603 1832 Att.
2629 1771 2751 1850 fry.
2772 1766 2904 1831 III

593 1878 808 1955 p.449
845 1895 906 1937 n.
925 1874 1125 1956 212>2
1174 1874 1233 1937 si
1275 1896 1422 1938 non
1462 1874 1916 1958 dominariS‚
1954 1875 2184 1958 inquit,
2221 1875 2493 1959 filiola,
2531 1874 2892 1938 iniuriam

597 1984 671 2043 te
727 1980 1075 2063 accipere
1141 1981 1584 2045 existimas?
1659 2003 1775 2045 nec
1835 1982 1969 2046 ullo
2027 2003 2179 2046 mox
2244 2003 2536 2047 sermone
2593 1981 2892 2067 dignatus

596 2091 710 2150 est.
795 2088 1117 2171 quondam
1164 2110 1318 2153 uero
1365 2089 1533 2154 inter
1581 2110 1799 2153 cenam
1852 2093 2151 2173 porrecta
2197 2113 2234 2153 a
2280 2111 2345 2153 se
2391 2110 2586 2172 poma
2629 2090 2891 2173 gustare
2923 2114 2975 2153 ιε,

594 2215 725 2257 non
783 2216 1002 2258 ausam
1059 2194 1253 2258 etiam
1309 2216 1541 2260 uocare
1588 2195 1806 2274 desiit,
1863 2194 2172 2258 simulans
2225 2196 2458 2259 ueneni
2513 2216 2579 2258 se
2626 2194 2892 2259 crimine

598 2301 856 2386 arcessi3
906 2323 1051 2365 cum
1088 2305 1562 2386 praestructum
1603 2306 1946 2386 utrumque
1986 2302 2280 2366 consulto
2319 2305 2506 2386 esset,
2542 2305 2616 2365 ut
2653 2304 2718 2364 et
2754 2301 2892 2385 ipse

596 2408 956 2491 temptandi
1009 2408 1219 2493 gratia
1275 2409 1533 2472 offerret
1589 2413 1651 2472 et
1714 2408 1826 2473 illa
1884 2409 2066 2493 quasi
2130 2409 2557 2473 certissimum
2624 2408 2892 2472 exitium

527 2527 558 2575 2
601 2518 868 2578 caueret.
965 2514 1313 2579 nouissime
1379 2515 1804 2580 calumniatus
1869 2516 2060 2580 modo
2122 2516 2203 2579 ad
2268 2520 2545 2581 statuam
2610 2514 2892 2601 Augusti

597 2620 789 2684 modo
829 2621 911 2684 ad
947 2621 1262 2686 exercitus
1302 2623 1647 2708 confugere
1685 2623 1872 2705 uelle,
1907 2622 2358 2687 Pandatariam
2396 2622 2710 2708 relegauit
2747 2643 2890 2685 con·
2919 2650 2973 2690 20

596 2727 992 2811 uiciantique
1039 2728 1298 2792 oculum
1344 2751 1459 2813 per
1496 2731 1938 2794 centurionem
1974 2730 2353 2794 uerberibus
2391 2730 2687 2795 excussit.
2757 2752 2891 2792 rur-

599 2856 705 2898 sus
762 2835 929 2899 mori
984 2835 1195 2900 inedia
1251 2836 1596 2900 destinanti
1652 2859 1769 2919 per
1822 2837 1952 2901 uim
2014 2860 2122 2902 ore
2170 2838 2428 2902 diducto
2477 2837 2762 2902 infulciri
2808 2836 2891 2901 ci-

597 2941 754 3004 bum
802 2942 1006 3006 iussit.
1090 2943 1201 3007 sed
1247 2947 1311 3008 et
1365 2948 1883 3028 perseuerantem
1932 2948 2123 3027 atque
2180 2944 2271 3007 ita
2317 2944 2727 3027 absumptam
2776 2942 2892 3006 cri-

598 3047 1028 3113 minosissime
1075 3049 1453 3133 insectatUS,
1500 3073 1646 3115 cum
1697 3042 1866 3117 diem
1913 3074 2168 3134 quoque
2214 3052 2494 3116 natalem
2540 3050 2676 3114 eius
2724 3050 2893 3113 inter

595 3154 881 3220 nefastos
945 3156 1346 3221 referendum
1414 3158 1745 3242 suasisset,
1817 3146 2165 3242 imputauit
2228 3158 2450 3241 etiam,
2524 3157 2695 3240 quod
2759 3178 2888 3220 non
2919 3182 2970 3222 25

742 3309 807 3357 10
845 3311 895 3359 et
931 3323 984 3374 p.
1010 3311 1129 3372 149,
1152 3311 1217 3358 15
1255 3306 1346 3374 (ef.
1375 3323 1428 3374 p.
1462 3311 1583 3374 152,
1613 3309 1702 3376 23)
1747 3306 1898 3361 Oro-3.
1930 3307 2052 3361 VII
2071 3312 2124 3373 4,
2144 3312 2179 3361 9
2225 3305 2369 3360 filios
2418 3305 2737 3360 Germanici
2787 3304 2891 3357 filii

596 3381 684 3435 sui
720 3382 1021 3437 interfecit.
2046 3427 2049 3430 ·

743 3524 770 3570 1
808 3517 1098 3586 praeclare
1116 3519 1349 3588 Bentley
1476 3519 1689 3573 elueret
1707 3520 1830 3590 HQ,
1850 3518 2100 3574 eluderet
2120 3523 2194 3586 R,
2222 3520 2469 3575 eleuaret
2487 3522 2566 3574 ed.
2600 3522 2726 3575 Ven.
2748 3524 2892 3573 1510

597 3599 669 3652 al.
700 3599 827 3664 fort.
857 3606 995 3652 recte
1165 3605 1194 3650 2
1246 3599 1370 3669 ceu]
1411 3599 1594 3653 ueluti
1627 3600 1679 3654 G
1861 3599 2171 3670 increparit
2207 3601 2274 3655 S²
2311 3602 2411 3670 (ed.
2442 3603 2594 3655 Iunt.
2626 3605 2768 3655 1510
2795 3602 2890 3667 al.)

596 3684 630 3730 4
669 3693 898 3731 causam
927 3679 1007 3733 122
1107 3684 1138 3733 5
1177 3679 1423 3734 creditur
1454 3680 1505 3734 G
1533 3686 1584 3733 et
1622 3680 1696 3734 V2
1721 3682 1783 3734 in
1820 3699 1991 3752 marg.
2021 3683 2288 3736 incertum
2321 3699 2485 3750 quam
2512 3689 2665 3747 recte,
2703 3681 2891 3735 crede-

592 3760 749 3811 retur
783 3758 919 3828 HQ,
966 3758 1298 3812 credebatur
1334 3776 1367 3818 ς
1379 3802 1393 3826 ‚
1441 3777 1542 3815 om.
1576 3762 1698 3827 rel„
1744 3767 1795 3815 et
1838 3764 1916 3816 sic
1953 3763 2185 3833 Bentley
2232 3764 2409 3833 legens
2451 3767 2614 3816 antea
2661 3764 2890 3829 questus

596 3838 671 3892 sit
711 3844 762 3891 et
797 3837 968 3891 fuerit
1149 3845 1179 3892 6
1217 3838 1327 3891 nisi
1374 3856 1441 3892 ea
1488 3843 1699 3894 secreto
1744 3843 2032 3896 ostentant
2076 3858 2221 3910 quae
2248 3840 2415 3908 MX',
2468 3858 2501 3894 a
2554 3843 2754 3895 senatu
2800 3858 2889 3894 ca-

594 3918 730 3988 pitis
778 3919 1149 3988 dampnatum
1193 3936 1295 3973 nec
1341 3936 1409 3973 ea
1446 3923 1534 3989 (ex
1569 3923 1623 3991 9)
1669 3924 1878 3975 secreto
1926 3924 2214 3976 ostentant
2250 3937 2394 3990 quae
2436 3922 2487 3976 G
2524 3922 2794 3992 (interpol.
2824 3939 2892 3976 ex

598 4000 711 4054 Gal.
733 4001 818 4069 2),
856 3999 966 4053 nisi
1005 4016 1071 4053 ea
1109 4003 1321 4054 secreta
1359 4000 1647 4054 obstarent
1684 4019 1786 4070 per
1821 4018 1966 4069 quae
2011 4005 2058 4054 Y
2092 4003 2310 4071 (nula),
2360 4001 2472 4055 nisi
2510 4003 2619 4070 (uel
2645 4001 2724 4071 ni)
2765 4018 2891 4070 spes

596 4082 806 4134 secreto
837 4081 945 4149 (uel
974 4097 1007 4133 a
1036 4079 1258 4150 Seiano)
1297 4084 1517 4135 ostenta
1546 4085 1695 4135 esset
1720 4082 1891 4136 uitae.
1944 4082 2093 4135 inter
2120 4098 2263 4149 quae
2284 4083 2536 4153 Bentley,
2561 4083 2753 4136 melius
2780 4081 2891 4134 nisi

595 4178 662 4214 ea
709 4178 751 4213 s.
801 4161 1153 4233 ostentant<i
1200 4161 1503 4215 auferenda
1544 4162 1842 4231 ipsumque
1887 4161 2261 4231 iugulandum
2307 4165 2572 4218 curasset.
2618 4162 2888 4233 propter>

595 4257 738 4308 quae
768 4241 914 4295 Roth
1024 4246 1052 4293 7
1083 4241 1419 4311 increpitum
1448 4246 1509 4307 Τ,
1544 4242 1925 4296 inferibuntur
1946 4243 1997 4297 G
2107 4248 2137 4295 8
2167 4242 2495 4297 creberrime
2525 4244 2782 4298 Beroald.
2812 4244 2887 4311 (ς)

597 4326 660 4372 11
702 4320 931 4388 quidem
964 4321 1015 4375 G
1174 4328 1238 4375 15
1277 4323 1560 4390 quandam
1594 4324 1645 4378 G
1811 4329 1873 4376 17
1915 4324 2123 4377 accersi
2151 4326 2202 4376 ,Ω
2241 4323 2385 4393 (-siri
2418 4323 2509 4394 ρ’)
2665 4323 2887 4390 utrique

594 4401 773 4456 Polak
919 4406 984 4453 18
1024 4400 1256 4454 exitium
1289 4403 1340 4457 G
1368 4409 1418 4456 et
1444 4403 1510 4457 S²
1539 4421 1646 4472 pro
1684 4422 1738 4458 u.
1772 4405 1803 4458 l.
1835 4405 2156 4473 (Beroald.),
2195 4403 2407 4457 exitum
2444 4406 2537 4458 rel.
2685 4409 2748 4455 19
2791 4402 2885 4472 ad]

595 4483 652 4534 et
674 4482 749 4534 M
853 4486 920 4533 20
949 4482 1381 4549 pandantariam
1402 4484 1463 4550 V,
1483 4485 1858 4552 pandatarum
1878 4484 2029 4554 11¹9,
2049 4484 2280 4537 -tarium
2301 4485 2440 4538 H’R
2549 4489 2613 4536 22
2645 4483 2886 4536 deducto

606 4560 811 4630 VLPQ
954 4566 1022 4614 24
1060 4561 1366 4616 insectatus
1404 4566 1489 4617 est
1530 4568 1577 4617 Τ
1614 4566 1775 4634 (edd.)
1919 4571 1989 4619 25
2028 4565 2303 4619 sanxisset
2340 4566 2572 4634 Bentley
