3325 5209
1308 395 1548 449 GALBA
1588 394 1718 456 [cir.
1751 408 1870 456 1—4]
2604 372 2686 459 27
2694 396 2734 459 3

351 540 364 549 ’
436 563 548 623 est.
633 559 713 623 ab
750 560 873 624 hoc
926 562 1076 623 sunt
1114 559 1519 643 imperatoris
1559 556 1797 623 Galbae
1843 581 2002 623 auus
2045 580 2119 624 ac
2154 562 2361 642 pater:
2409 581 2566 623 auus
2613 560 2735 623 cla·
2774 579 2804 625 3

434 667 566 729 rior
613 665 844 730 studiis
901 688 1094 749 quam
1152 664 1462 751 dignitate
1511 703 1595 711 -
1642 687 1774 729 non
1829 664 1999 729 enim
2055 687 2345 749 egressus
2401 671 2736 749 praeturae

434 772 703 856 gradum
741 811 829 818 ——
866 773 1291 855 multiplicem
1328 793 1445 835 nec
1483 771 1869 836 incuriosam
1907 772 2244 836 historiam
2283 772 2508 858 edidit3
2534 755 2737 858 ⁴pater

436 880 774 943 consulatu
810 879 1087 961 functus,
1127 900 1492 963 quanquam
1531 878 1711 942 breui
1753 900 2019 962 corpore
2047 883 2240 962 atque
2278 880 2469 944 etiam
2509 880 2738 966 gibber

382 1013 406 1053 5
437 986 850 1069 modicaeque
906 986 974 1050 in
1030 985 1298 1050 dicendo
1354 984 1680 1049 facultatis
1689 1036 1707 1068 ,
1773 1007 1994 1049 causas
2055 986 2365 1050 industrie
2424 987 2733 1051 actitauit.

433 1114 665 1157 uxores
701 1093 932 1157 habuit
968 1092 1345 1156 Mummiam
1385 1091 1754 1175 Achaicam,
1791 1096 2051 1175 neptem
2084 1091 2291 1156 Catuli
2332 1097 2733 1178 proneptem·
2772 1116 2803 1163 4

434 1221 557 1282 que
594 1198 664 1263 L.
702 1198 993 1283 Mummi,
1031 1200 1143 1283 qui
1174 1198 1557 1264 Corinthum
1596 1199 1860 1282 excidit3
1898 1200 2052 1263 item
2090 1198 2344 1285 Liuiam
2381 1198 2733 1264 Ocellinam

434 1305 630 1370 ditem
680 1306 1022 1371 admodum
1079 1311 1145 1370 et
1191 1305 1554 1390 pulchram,
1611 1329 1647 1369 a
1695 1329 1821 1389 qua
1876 1310 2092 1370 tamen
2135 1306 2496 1370 nobilitatis
2544 1328 2736 1371 causa

432 1413 755 1495 appetitus
815 1415 988 1478 ultro
1050 1414 1455 1477 existimatur
1523 1417 1589 1477 et
1649 1412 1981 1495 aliquanto
2042 1413 2319 1496 enixius,
2388 1417 2734 1497 postquam

352 1547 405 1586 ιο
433 1519 702 1583 subinde
749 1521 1016 1584 instanti
1070 1519 1302 1584 uitium
1352 1520 1640 1603 corporis
1696 1524 1937 1583 secreto
1982 1521 2195 1603 posita
2249 1523 2427 1584 ueste
2474 1521 2735 1604 detexit,

430 1647 511 1689 ne
551 1627 733 1708 quasi
772 1626 1062 1710 ignaram
1110 1626 1333 1690 fallere
1380 1627 1721 1690 uideretur.
1806 1649 1885 1690 ex
1921 1625 2202 1689 Achaica
2237 1626 2474 1691 liberos
2506 1625 2732 1692 Gaium

433 1737 498 1795 et
541 1730 838 1795 Seruium
884 1732 1263 1815 procreauit,
1312 1754 1586 1816 quorum
1633 1733 1837 1796 maior
1887 1731 2080 1796 Graius
2132 1733 2370 1797 attritis
2418 1735 2734 1798 facultati-

433 1838 552 1901 bus
599 1838 758 1901 urbe
806 1840 997 1902 cessit
1044 1839 1541 1922 prohibitusque
1579 1862 1616 1902 a
1656 1837 1914 1902 Tiberio
1963 1839 2180 1903 sortiri
2219 1862 2386 1903 anno
2435 1863 2550 1905 suo
2589 1862 2734 1924 pro-

437 1944 838 2008 consulatum
888 1944 1254 2009 uoluntaria
1299 1950 1503 2009 morte
1550 1945 1730 2010 obiit.
2033 2024 2037 2029 .

355 2079 406 2120 15
615 2050 744 2114 Ser.
800 2050 1003 2115 Galba
1071 2054 1419 2134 imperator
1481 2052 1566 2114 M.
1615 2050 1876 2116 Valerio
1945 2052 2220 2116 Messala
2290 2051 2401 2116 Cn.
2453 2052 2727 2118 Lentulo
2758 2053 2804 2120 4

435 2178 606 2221 cons
644 2163 833 2222 natus
871 2163 967 2222 est
1003 2147 1211 2222 VIIII.
1253 2159 1393 2223 Kal.
1431 2156 1564 2222 Ian.
1602 2159 1671 2221 in
1707 2159 1866 2223 uilla
1901 2159 2051 2224 colli
2089 2160 2495 2243 superposita
2530 2182 2728 2244 prope
2758 2180 2946 2219 2320.

433 2263 837 2329 Tarracinam
914 2266 1320 2329 sinistrorsus
1381 2264 1642 2330 Fundos
1704 2266 2072 2348 petentibus
2082 2316 2099 2349 ,
2172 2267 2641 2350 adoptatusque
2696 2289 2734 2330 a

432 2392 710 2436 nouerca
775 2394 889 2436 sua
942 2371 1131 2435 Liuia
1193 2394 1431 2436 nomen
1495 2376 1559 2435 et
1616 2371 1905 2436 Ocellare
1970 2393 2324 2457 cognomen
2390 2373 2734 2456 assumpsit

433 2481 682 2541 mutato
756 2479 1194 2563 praenomine3
1267 2501 1417 2542 nam
1482 2478 1751 2543 Lucium
1825 2501 1976 2543 mox
2049 2500 2166 2563 pro
2240 2477 2464 2543 Seruio
2531 2502 2732 2563 usque

355 2614 408 2652 20
438 2583 516 2647 ad
554 2588 809 2668 tempus
847 2585 1100 2669 imperii
1135 2587 1488 2669 usurpauit.
1565 2590 1821 2651 constat
1856 2584 2223 2671 Augustum
2260 2608 2460 2669 puero
2508 2587 2732 2665 adhuc,

437 2692 743 2754 salutanti
801 2714 866 2755 se
924 2693 1091 2756 inter
1148 2692 1472 2775 aequales,
1528 2692 1926 2775 apprehensa
1981 2693 2249 2757 buccula
2305 2693 2569 2757 dixisse:
2625 2695 2731 2757 καὶ

437 2799 519 2860 σὺ
567 2798 803 2862 τέκνον
848 2808 962 2880 τῆς
1000 2799 1200 2882 ἀρχῆς
1246 2800 1431 2881 ἡμῶν
1468 2800 1876 2884 παρατρώξῃ.
1962 2799 2072 2863 sed
2118 2804 2182 2863 et
2227 2799 2540 2882 Tiberius,
2586 2822 2731 2865 cum

437 2905 853 2988 comperisset
888 2906 1349 2988 imperaturum
1388 2928 1532 2969 eum
1568 2928 1795 2970 uerum
1832 2907 1899 2969 in
1941 2910 2220 2970 senecta:
2266 2906 2485 2970 uiuat
2530 2929 2732 2987 sane,

435 3009 576 3111 aiu·
610 3011 907 3093 quando
956 3011 1031 3074 id
1078 3011 1163 3074 ad
1220 3034 1358 3075 nos
1415 3011 1614 3074 nihil
1668 3012 2022 3094 pertinet.
2109 3034 2230 3076 auo
2287 3035 2541 3096 quoque
2597 3014 2732 3078 eius
2772 3035 2802 3081 2

355 3146 405 3186 25
433 3115 655 3200 fulgur
698 3114 1094 3200 procuranti,
1156 3140 1302 3183 cum
1358 3122 1504 3181 exta
1552 3118 1628 3183 de
1675 3119 1973 3183 manibus
2029 3119 2245 3202 aquila
2306 3120 2625 3203 rapuisset
2671 3125 2734 3183 et

436 3222 502 3286 in
558 3223 935 3309 frugiferam
996 3246 1298 3307 quercum
1360 3225 1764 3307 contulisset,
1823 3247 2202 3309 responsum
2264 3232 2361 3290 est
2416 3249 2734 3291 summum

439 3329 548 3393 sed
593 3352 804 3393 serum
845 3331 1183 3415 imperium
1230 3331 1530 3415 portendi
1566 3332 1878 3418 familiae3
1924 3337 1988 3396 et
2034 3332 2142 3396 ille
2185 3332 2481 3397 irridens:
2530 3355 2732 3416 sane,

434 3436 672 3521 inquit,
734 3460 896 3501 cum
953 3437 1153 3502 mula
1208 3440 1614 3522 pepererit.
1698 3439 1863 3502 nihil
1922 3461 2120 3522 aeque
2180 3443 2408 3523 postea
2468 3437 2732 3504 Galbam

439 3547 860 3627 temptantem
897 3567 999 3608 res
1037 3567 1239 3610 nouas
1278 3546 1683 3610 confirmauit
1720 3568 1913 3629 quam
1950 3548 2161 3610 mulae
2198 3551 2436 3630 partuS‚
2483 3547 2733 3610 ceteris-

579 3814 609 3859 2
650 3808 838 3862 studio
876 3809 1006 3868 11¹5
1041 3811 1278 3878 (Bwrm.)
1423 3814 1456 3861 4
1495 3826 1668 3877 quam
1704 3813 1828 3878 (pro
1867 3814 2205 3881 quanquam)
2241 3815 2299 3864 X
2437 3817 2468 3864 6
2507 3811 2733 3866 achaia-

439 3903 562 3939 cam
604 3887 766 3942 GLP
807 3895 856 3942 et
904 3890 984 3943 sie
1029 3906 1164 3943 corr.
1214 3891 1276 3943 in
1314 3890 1395 3955 R,
1444 3890 1700 3943 achaiam
1739 3890 1892 3959 HQS
2069 3896 2132 3943 11
2174 3891 2445 3945 achaiaca
2480 3893 2532 3945 L
2571 3899 2621 3945 et
2655 3893 2735 3946 sic

437 3983 573 4021 corr.
618 3970 680 4021 in
722 3971 793 4035 R,
832 3969 1033 4022 achaia
1082 3969 1187 4038 HQ
1405 3975 1467 4021 12
1523 3971 1770 4039 sergium
1802 3974 1870 4039 Ω,
1923 3988 2059 4027 eorr.
2108 3973 2445 4037 Glareanus,
2491 3973 2560 4038 ef.
2597 3974 2629 4027 l.
2661 3978 2733 4026 19

443 4052 507 4099 13
547 4048 896 4102 consulatum
937 4049 988 4102 G
1111 4056 1174 4102 15
1215 4049 1326 4102 Ser.
1359 4052 1445 4114 M,
1486 4049 1714 4119 Sergius
1750 4052 1845 4106 rel.
1974 4052 2091 4120 imp
2123 4052 2303 4119 MPS,
2341 4053 2489 4123 imp‘i·
2520 4053 2625 4108 GL

439 4125 561 4197 Cn.]
608 4129 793 4182 debuit
828 4128 888 4181 L.
1090 4135 1152 4183 17
1200 4130 1540 4184 terracinam
1578 4134 1647 4196 Ω,
1687 4133 1755 4198 ef.
1804 4133 1916 4186 Tib.
1949 4136 2021 4186 39
2240 4132 2564 4187 sinistrosus
2605 4135 2733 4189 MR

439 4208 537 4275 (sie
565 4207 787 4276 Suet.?),
818 4208 1072 4263 sinistros
1101 4212 1174 4275 Π,
1205 4210 1585 4263 sinistrorsum
1619 4211 1719 4265 (31
1869 4217 1935 4265 18
1962 4211 2103 4265 liuia
2132 4214 2201 4278 Ω,
2230 4212 2381 4266 Liuii
2411 4232 2445 4273 ς
2471 4215 2727 4269 Beroald.

439 4286 585 4356 (Liui
624 4289 813 4357 Roth),
868 4288 1094 4343 Liuium
1131 4291 1426 4357 Heinsius,
1482 4290 1785 4344 Liuianum
1822 4294 2052 4363 Bentley
2197 4293 2438 4347 ocellare
2475 4294 2731 4363 (occella-

436 4384 496 4420 re
526 4369 660 4438 HT)
697 4370 766 4434 Ω,
807 4367 1030 4423 OceUae
1068 4371 1146 4424 ed.
1186 4372 1365 4424 Basil.
1397 4374 1540 4425 1533
1575 4372 1741 4440 (Roth
1778 4375 1873 4442 al.)
2053 4379 2117 4426 19
2158 4373 2340 4443 sergio
2373 4377 2442 4438 Ω,
2480 4375 2549 4441 ef.
2592 4375 2623 4428 1.
2662 4380 2731 4427 12

438 4454 503 4500 22
535 4450 1127 4518 ΠὰΡὰΤΡωΖΗ(-ΖΕ
1166 4452 1244 4520 P)
1280 4453 1349 4516 Ω,
1387 4467 1522 4505 corr.
1557 4452 1846 4507 Turnebus
1873 4454 2192 4521 praeferens
2227 4461 2407 4508 tamen
2443 4471 2566 4508 eum
2601 4457 2731 4509 aliis

436 4528 763 4601 παραγεύσῃ
799 4547 826 4584 e
862 4531 1049 4585 Dione
1077 4535 1214 4597 64‚1
1254 4531 1442 4602 (γεύσῃ
1481 4532 1596 4586 Dio
1634 4537 1723 4599 57,
1754 4535 1842 4602 19)
1986 4538 2053 4586 26
2091 4533 2423 4602 frugiferum
2464 4535 2596 4588 Μὸε

543 4627 816 4668 Svn'romvs
845 4630 914 4668 ed.
943 4629 1077 4669 Ihm.
1132 4632 1169 4669 I.
2238 4628 2301 4674 18
