3325 5209
1153 391 1210 446 C.
1251 390 1610 445 CALIGVLA
1650 403 1781 451 [eff.
1816 403 1989 454 17—19]
2567 393 2694 456 173

398 555 729 642 cogitauit.
830 577 979 619 nam
1053 554 1354 619 Baiarum
1428 554 1709 618 medium
1783 554 2196 619 interuallum
2270 554 2695 621 †Puteolanas

400 662 599 727 moles
610 712 627 745 ,
682 661 882 726 trium
936 660 1189 726 milium
1246 666 1309 726 et
1356 666 1793 726 sescentorum
1848 661 1979 724 fere
2036 684 2341 745 passuum
2398 664 2696 746 spatium,

399 772 598 852 ponte
655 769 992 834 coniunxit
1049 768 1393 832 contractis
1448 767 1734 850 undique
1791 768 2102 832 onerariis
2155 769 2432 833 nauibus
2489 774 2552 860 et
2601 792 2699 833 or-

403 875 549 940 dine
605 874 846 958 duplici
905 874 985 938 ad
1041 874 1410 959 anc[h]oras
1473 873 1826 939 conlocatis
1892 874 2381 958 superiectoque
2443 880 2696 940 terreno

345 1008 374 1048 5
405 1003 478 1045 ac
533 981 785 1046 derecto
845 981 930 1052 in
958 980 1208 1066 Appiae
1262 982 1407 1045 uiae
1463 980 1752 1045 formam.
1837 1004 1954 1065 per
1998 981 2172 1045 hunc
2216 988 2481 1066 pontem
2526 984 2698 1047 ultro
2738 1000 2770 1047 2

406 1088 568 1153 citro
618 1089 1002 1153 commeauit
1048 1088 1244 1157 biduo
1294 1087 1681 1170 continenti,
1732 1087 1941 1171 primo
2000 1088 2101 1151 die
2154 1088 2487 1172 phalerato
2535 1112 2699 1173 equo

405 1195 806 1281 insignisque
855 1216 1125 1278 quercea
1170 1216 1409 1260 corona
1455 1199 1519 1258 et
1566 1199 1778 1259 caetra
1826 1199 1887 1259 et
1925 1194 2139 1280 gladio
2179 1217 2497 1278 aureaque
2535 1196 2704 1260 chla-

405 1302 621 1385 myde,
666 1301 980 1385 postridie
1029 1300 1437 1387 quadrigario
1484 1300 1716 1365 habitu
1761 1301 2205 1385 curriculoque
2251 1301 2460 1387 biiugi
2505 1302 2703 1367 famo·
2781 1358 2785 1362 .

407 1430 622 1473 sorum
680 1403 1020 1491 equorum,
1074 1430 1226 1492 prae
1284 1429 1351 1472 se
1407 1408 1617 1475 ferens
1664 1406 1947 1471 Dareum
1993 1431 2268 1492 puerum
2311 1431 2389 1474 ex
2438 1408 2704 1474 Partho-

325 1539 381 1580 10
406 1537 549 1578 rum
599 1514 957 1597 obsidibus,
1015 1515 1363 1580 comitante
1409 1516 1962 1598 praetorianorum
2015 1515 2269 1600 agmine
2315 1518 2380 1578 et
2426 1515 2495 1578 in
2540 1536 2706 1579 esse-
2761 1559 2766 1563 ·

409 1621 506 1685 dis
574 1622 837 1687 cohorte
901 1622 1271 1688 amicorum.
1354 1622 1488 1686 scio
1551 1621 1892 1704 plerosque
1956 1622 2353 1687 existimasse
2418 1624 2614 1686 talem
2669 1643 2706 1683 a
2744 1638 2775 1685 3

411 1725 573 1792 Gaio
629 1732 894 1812 pontem
952 1727 1387 1811 excogitatum
1446 1727 1872 1792 aemulatione
1927 1728 2188 1813 Xerxis,
2235 1731 2348 1812 qui
2392 1750 2525 1793 non
2571 1729 2707 1792 sine

411 1833 830 1899 admiratione
894 1832 1224 1916 aliquanto
1286 1835 1723 1920 angustiorem
1785 1834 2280 1919 Hellespontum
2341 1836 2709 1901 contabula-

412 1940 609 2024 uerit3
655 1941 835 2024 alios,
882 1944 956 2004 ut
1004 1938 1410 2007 Germaniam
1456 1945 1520 2004 et
1565 1939 1989 2024 Britanniam,
2036 1941 2268 2026 quibus
2315 1942 2710 2025 imminebat,

331 2071 382 2112 15
413 2048 682 2112 alicuius
729 2047 1004 2111 inmensi
1043 2048 1253 2133 operis
1290 2047 1464 2110 fama
1498 2049 1842 2112 territaret.
1927 2048 2037 2111 sed
2075 2070 2270 2111 auum
2308 2069 2522 2112 meum
2568 2069 2709 2111 nar-

412 2158 659 2217 rantem
706 2176 866 2237 puer
925 2153 1262 2218 audiebam
1323 2175 1579 2218 causam
1636 2154 1847 2237 operis
1895 2154 1975 2217 ab
2022 2154 2436 2218 interioribus
2484 2153 2709 2218 aulicis

356 2266 375 2275 ⁶
411 2261 764 2344 proditam,
824 2261 1000 2344 quod
1043 2259 1502 2344 Thrasyl<l>us
1550 2259 2043 2326 mathematicus
2090 2262 2279 2325 anxio
2329 2261 2405 2326 de
2469 2281 2712 2324 succes-

415 2388 557 2431 sore
604 2365 861 2431 Tiberio
914 2370 978 2430 et
1036 2367 1107 2430 in
1160 2389 1383 2431 uerum
1439 2370 1742 2451 nepotem
1790 2368 2077 2451 proniori
2126 2366 2511 2431 affirmasset
2562 2387 2712 2430 non

414 2474 654 2557 magis
696 2471 959 2537 Gaium
1007 2473 1567 2556 imperaturum
1614 2496 1832 2557 quarn
1880 2496 2013 2557 per
2049 2473 2416 2538 Baianum
2465 2473 2713 2536 sinum

335 2603 388 2642 Σο
417 2580 631 2663 equis
678 2579 1222 2645 discursurum.

562 2817 589 2863 1
631 2810 787 2880 Epit.
819 2814 871 2875 3,
889 2813 923 2862 9
960 2808 1018 2861 in
1058 2809 1243 2877 spatio
1280 2809 1453 2862 trium
1470 2808 1728 2875 *miliunn
1766 2810 1917 2875 quod
1955 2808 2016 2862 in
2054 2810 2182 2863 sinu
2218 2810 2530 2864 Puteolano
2568 2810 2717 2864 inter

417 2889 592 2943 moles
631 2889 856 2957 (molem
886 2889 1150 2954 Landolfl
1187 2890 1301 2943 cod.
1332 2906 1399 2941 m.
1429 2891 1486 2958 2)
1525 2888 1692 2954 iacet,
1725 2888 1940 2956 duplici
1969 2890 2165 2943 ordine
2193 2907 2367 2944 naues
2398 2893 2715 2956 contexens,

420 2985 624 3023 arenae
662 2972 901 3039 aggestu
940 2968 1013 3021 ad
1050 2971 1233 3022 terrae
1263 2967 1508 3037 speciem
1544 2969 1701 3021 uiam
1740 2968 2040 3023 solidatam
2072 2970 2367 3038 phalerato
2407 2970 2531 3040 (fal-
2562 2973 2718 3025 Lan-

420 3051 574 3118 dolf.)
614 3066 757 3119 equo
795 3049 1035 3118 insignis
1075 3064 1313 3117 quercea
1350 3051 1449 3119 (sic
1484 3049 1775 3114 Schottius,
1821 3049 2173 3119 insignisque
2211 3066 2375 3103 aerea
2412 3051 2593 3117 codd„
2631 3052 2717 3104 in-

421 3130 598 3199 signis
627 3145 912 3197 querquea
943 3129 1228 3195 Landolf.)
1260 3145 1478 3193 corona,
1517 3129 1681 3196 quasi
1716 3129 2070 3198 triumphans
2098 3129 2330 3183 indutus
2358 3146 2529 3183 aureo
2558 3130 2719 3198 palu-

421 3210 711 3275 damento,
761 3227 925 3263 curru
970 3208 1153 3279 biiugi
1210 3209 1542 3262 decucurrit.
1616 3211 1685 3276 cf.
1729 3210 1862 3263 Vict.
1888 3211 2036 3264 Caes.
2068 3214 2119 3274 4,
2146 3213 2179 3262 3
2226 3209 2411 3263 adhuc
2462 3227 2718 3264 annonae
2775 3272 2778 3275 ,

422 3292 643 3359 egestas
674 3290 1004 3358 composita,
1034 3304 1203 3356 quam
1226 3287 1484 3357 Caligula
1514 3288 1823 3355 inuexerat‚
1856 3306 1981 3342 cum
2012 3288 2229 3342 adactis
2250 3292 2369 3342 toto
2400 3290 2531 3343 orbe
2560 3291 2718 3343 naui-

420 3369 530 3439 giis
554 3369 812 3439 peruium
835 3385 989 3422 mare
1013 3368 1250 3422 theatris
1285 3367 1649 3436 curribusque
1675 3369 1879 3421 damno
1909 3369 2137 3437 publico
2164 3369 2383 3423 efficere
2414 3370 2717 3425 contendit.

568 3562 596 3609 1
635 3556 941 3610 Baulorum
965 3555 1103 3610 Oud.
1134 3556 1271 3624 (Dio
1302 3559 1473 3620 59,17
1502 3557 1833 3624 γεφυρώσας
1860 3556 1921 3609 τὸ
1949 3557 2150 3624 μεταξὺ
2178 3565 2290 3610 τῶν
2314 3575 2371 3610 τε
2392 3557 2722 3612 Πουτεόλων

422 3636 520 3690 καὶ
555 3645 667 3690 τῶν
705 3636 958 3704 Βαύλων)
1131 3633 1520 3705 interuallum]
1559 3635 1707 3688 inter
1744 3635 1949 3697 Baulos
1988 3639 2045 3689 et
2083 3638 2349 3692 BfficheIer
2527 3640 2583 3691 et
2620 3656 2724 3706 pu·

422 3715 679 3769 teolanas
727 3719 805 3785 (et
840 3733 909 3770 ss,
947 3733 1015 3769 m.
1049 3722 1078 3769 1
1108 3722 1172 3770 ut
1207 3716 1346 3784 uid.)
1384 3716 1428 3770 S
1453 3716 1590 3784 (edd.
1614 3717 1753 3784 pler.
1777 3722 1904 3785 post
1941 3718 2229 3783 Beroald.,
2277 3720 2334 3770 et
2379 3717 2723 3773 Puteolanae

426 3796 588 3849 molis
634 3797 713 3850 ed.
745 3797 925 3851 Basil.
966 3799 1129 3861 1533,
1172 3795 1360 3863 Oua),
1406 3811 1585 3863 usque
1632 3796 1704 3847 ad
1751 3794 1808 3848 P.
1848 3796 1927 3850 ed.
1972 3797 2099 3850 Ven.
2132 3801 2293 3863 1490,
2333 3814 2511 3871 usque
2544 3797 2602 3851 P.
2642 3800 2722 3854 ed.

429 3877 611 3930 Paria
633 3881 776 3931 1509
805 3878 1014 3944 (malim
1041 3874 1380 3928 Puteolanas
1408 3878 1625 3944 usque),
1655 3874 1994 3929 Puteolanas
2033 3876 2106 3929 ad
2143 3877 2292 3946 uuly.
2315 3883 2443 3946 post
2473 3879 2727 3945 Gasaub.,

429 3955 502 4008 ad
529 3954 588 4010 P.
619 3972 645 4009 e
673 3957 785 4010 cod.
824 3956 975 4011 Torr.
1008 3956 1154 4010 Roth
1290 3960 1320 4006 2
1361 3958 1751 4008 sexcentorum
1772 3957 1929 4027 XHQ
2038 3963 2070 4009 4
2100 3972 2333 4010 ancoras
2368 3958 2417 4010 T
2520 3974 2727 4027 aggere

424 4042 547 4103 post
584 4036 1010 4104 superiectoque
1048 4035 1174 4089 add.
1212 4033 1364 4089 Ί”Ρ2
1393 4035 1552 4105 (edd.)
1704 4042 1734 4088 6
1773 4035 2013 4090 falerato
2042 4040 2094 4090 ,Ω
2248 4042 2275 4089 7
2313 4037 2552 4107 insignis
2591 4055 2725 4105 quo-

430 4130 539 4182 que
578 4117 636 4167 X
805 4131 1044 4183 quercea
1083 4136 1112 4182 ρ
1152 4116 1367 4183 (Roth),
1414 4114 1697 4181 quiercica
1729 4118 1804 4170 M
1812 4117 1879 4182 G,
1923 4117 2185 4184 quercica
2230 4119 2328 4182 Τὸ,
2370 4133 2534 4172 aerea
2579 4120 2727 4188 (erea

430 4196 552 4260 PT,
580 4210 717 4248 exea
745 4194 832 4264 8¹)
854 4199 919 4261 X,
950 4210 1119 4247 aurea
1149 4193 1312 4261 1:²5²,
1341 4194 1609 4261 quercina
1635 4196 1835 4264 (Lips.)
1868 4203 1917 4249 et
1945 4212 2191 4265 quet-nea
2222 4213 2270 4263 ς,
2302 4215 2377 4251 an
2406 4199 2729 4267 querquea?

431 4276 521 4343 (cf.
552 4276 741 4331 testim.
771 4278 961 4344 supra)
1134 4275 1362 4328 caethra
1393 4275 1489 4341 L²,
1528 4276 1721 4347 cetura
1759 4279 1891 4346 (cet-
1912 4277 2038 4346 HQ)
2062 4280 2136 4331 M
2137 4278 2246 4332 Gr
2277 4284 2327 4331 et
2348 4294 2453 4345 pro
2480 4295 2535 4331 u.
2568 4280 2600 4332 l.
2632 4278 2729 4345 12²,

432 4355 701 4410 cathedra
731 4354 934 4409 POST
963 4356 1138 4424 (cetra
1167 4355 1413 4423 primum
1449 4358 1513 4409 in
1548 4356 1629 4408 ed.
1661 4358 1806 4410 Bon.
1838 4360 2003 4425 1488)
2148 4362 2180 4410 8
2218 4360 2442 4426 postero
2483 4358 2574 4410 die
2608 4359 2658 4412 G

432 4434 783 4504 quadrigarii
815 4436 1045 4504 Lipsius
1143 4434 1267 4504 bigi
1299 4434 1349 4487 G
1434 4441 1498 4487 12
1537 4435 1735 4489 Xerxis
1765 4437 1960 4505 (xersis
1990 4438 2052 4490 in
2081 4439 2368 4507 archetypo
2393 4439 2525 4507 fuit)
2564 4455 2731 4506 usque

433 4515 805 4570 admiratione
835 4533 935 4571 om.
970 4516 1022 4569 G
1133 4519 1197 4567 13
1229 4514 1616 4583 angustiorum
1646 4518 1722 4571 M
1829 4522 1893 4570 18
1923 4517 1982 4569 in
2011 4534 2110 4572 om.
2137 4520 2211 4571 M
2235 4520 2448 4585 (uerum
2477 4517 2533 4569 in
2569 4518 2728 4586 Oud.)
