3325 5209
591 388 723 453 260
1287 387 1343 441 C.
1383 386 1700 441 SVETONI
1735 385 2182 451 TRANQVILLI

589 575 815 636 pessus
871 557 1184 615 terrarum
1247 552 1420 615 orbis
1479 550 1736 614 tandem
1795 550 2113 632 destituit,
2173 551 2431 613 initium
2500 548 2883 614 facientibus

595 658 795 722 Gallis
844 660 1003 722 duce
1049 656 1217 721 Iulio
1249 657 1538 740 Vindice,
1586 658 1698 739 qui
1743 660 1882 719 tum
1932 679 2071 720 eam
2109 658 2511 738 prouinciam
2550 679 2667 740 pro
2707 679 2884 739 prae-

590 770 730 830 tore
778 765 1125 849 optinebat.

520 891 551 937 2
768 871 1176 937 Praedictum
1242 894 1279 934 a
1343 870 1813 934 mathematicis
1879 869 2124 933 Neroni
2191 870 2347 934 olim
2412 875 2549 934 erat
2612 872 2749 934 fore
2814 874 2886 933 ut

596 979 977 1063 quandoque
1034 979 1516 1062 destitueretur3
1573 977 1742 1040 unde
1789 977 1903 1040 illa
1947 999 2077 1041 uox
2134 976 2269 1040 eius
2326 975 2765 1040 celeberrima:
2810 978 2884 1041 τὸ
2945 1001 2971 1041 5

592 1086 856 1169 τέχνιον
901 1087 1069 1169 ἡμᾶς
1117 1083 1482 1169 διατρέφει,
1541 1107 1667 1166 quo
1727 1084 1965 1148 maiore
2022 1084 2264 1147 scilicet
2320 1084 2508 1147 uenia
2553 1083 2931 1149 meditare,

594 1198 700 1256 tur
748 1193 1242 1255 citharoedicam
1290 1195 1517 1272 artem,
1565 1191 1842 1274 principi
1890 1190 2013 1254 sibi
2060 1194 2327 1276 gratam,
2374 1191 2628 1273 priuato
2675 1212 2885 1254 neces-

594 1300 844 1363 sariam.
927 1299 1403 1382 spoponderant
1445 1302 1658 1361 tamen
1699 1298 1958 1380 quidam
2008 1298 2318 1360 destituto
2357 1296 2640 1361 Orientis
2687 1298 2888 1361 domi-

592 1407 936 1488 nationem,
981 1405 1277 1469 nonnulli
1324 1405 1708 1468 nominatim
1754 1427 2025 1490 regnum
2074 1404 2703 1489 Hierosolymorum,
2748 1405 2888 1487 plu-

591 1536 693 1578 res
742 1514 949 1576 omnis
996 1513 1306 1596 pristinae
1353 1512 1647 1575 fortunae
1694 1511 2188 1575 restitutionem.
2273 1512 2377 1575 cui
2425 1511 2559 1594 spei
2607 1511 2887 1595 pronior,
2918 1536 2973 1574 ιο

592 1620 933 1685 Britannia
977 1618 1412 1702 Armeniaque
1461 1620 1698 1683 amissa
1745 1641 1817 1682 ac
1862 1641 2084 1681 rursus
2132 1623 2403 1701 utraque
2450 1622 2729 1701 recepta,
2786 1619 2888 1681 de-

523 1746 554 1791 3
593 1729 888 1790 functum
954 1748 1020 1790 se
1083 1725 1389 1789 fatalibus
1455 1726 1641 1789 malis
1709 1726 2137 1789 existimabat.
2239 1729 2312 1788 ut
2375 1747 2527 1788 uero
2594 1724 2885 1788 consulto

595 1833 865 1917 Delphis
925 1832 1227 1916 Apolline
1284 1833 1874 1918 septuagensimum
1929 1854 2003 1896 ac
2059 1833 2322 1896 tertium
2381 1854 2619 1895 annum
2666 1853 2888 1895 cauen-

595 1941 747 2004 dum
805 1940 928 2004 sibi
977 1940 1252 2024 audiuit,
1315 1940 1494 2022 quasi
1544 1962 1618 2002 eo
1682 1941 1938 2003 demum
2001 1940 2293 2003 obiturus
2304 1991 2323 2023 ,
2382 1961 2455 2003 ac
2513 1939 2679 2002 nihil
2742 1960 2888 2002 con-

595 2048 837 2133 iectans
895 2048 972 2110 de
1030 2052 1237 2111 aetate
1295 2045 1559 2126 Galbae,
1616 2050 1798 2111 tanta
1852 2047 2088 2110 fiducia
2141 2068 2273 2109 non
2329 2047 2519 2110 modo
2568 2049 2885 2110 senectam
2919 2068 2970 2107 15

596 2156 706 2219 sed
763 2157 954 2219 etiam
1012 2160 1383 2238 perpetuam
1446 2154 1965 2239 singularemque
2022 2154 2315 2236 concepit
2371 2152 2772 2236 felicitatem,
2816 2156 2890 2215 ut

596 2262 849 2326 amissis
904 2263 1242 2347 naufragio
1300 2261 1785 2344 pretiosissimis
1841 2261 2031 2324 rebus
2086 2282 2219 2323 non
2273 2259 2668 2323 dubitauerit
2723 2260 2890 2322 inter

597 2392 745 2433 suos
793 2369 1001 2432 dicere
1049 2369 1300 2451 pisces
1348 2391 1470 2432 eas
1519 2369 1669 2432 sibi
1714 2367 2117 2432 relaturos.

522 2494 557 2539 4
772 2475 1049 2559 Neapoli
1106 2476 1182 2538 de
1245 2480 1425 2539 motu
1475 2474 1831 2539 Galliarum
1879 2474 2186 2559 cognouit
2234 2474 2335 2538 die
2391 2474 2534 2556 ipso
2585 2495 2710 2555 quo
2760 2496 2890 2536 ma-

595 2587 759 2646 trem
818 2583 1160 2663 occiderat,
1221 2583 1505 2664 adeoque
1564 2583 1737 2646 lente
1797 2604 1870 2646 ac
1930 2603 2146 2645 secure
2208 2581 2361 2644 tulit
2419 2584 2493 2642 ut
2552 2580 2889 2666 gaudentis
2919 2600 2974 2639 ιο

596 2691 789 2754 etiam
840 2689 1272 2773 suspicionem
1317 2690 1653 2774 praeberet
1691 2694 2018 2772 tamquam
2059 2688 2389 2752 occasione
2425 2691 2579 2750 nata
2616 2687 2891 2770 spolian-

598 2798 822 2860 darum
880 2797 1015 2860 iure
1070 2797 1226 2861 belli
1283 2796 1916 2880 opulentissimarum
1977 2795 2482 2878 prouinciarum3
2543 2795 2890 2877 statimque

597 2906 665 2968 in
713 2904 1120 2987 gymnasium
1168 2926 1547 2988 progressus
1595 2904 1898 2966 certantis
1938 2901 2213 2965 athletas
2252 2900 2637 2964 effusissimo
2678 2898 2889 2962 studio

598 3012 932 3095 spectauit.
1035 3033 1224 3074 cenae
1309 3033 1563 3094 quoque
1636 3014 1926 3092 tempore
2011 3007 2455 3091 interpeHatus
2538 3006 2891 3069 tumultuo-

599 3118 875 3182 sioribus
922 3118 1156 3182 litteris
1222 3118 1529 3181 hactenus
1596 3117 1964 3197 excanduit,
2027 3119 2102 3178 ut
2168 3114 2410 3177 malum
2476 3115 2556 3177 iis
2624 3114 2735 3196 qui
2791 3113 2891 3175 de·
2921 3133 2975 3172 25

600 3226 869 3290 scissent
940 3226 1310 3288 minaretur.
1405 3223 1678 3306 denique
1743 3245 1857 3306 per
1930 3226 2076 3286 octo
2152 3221 2489 3284 continuos
2564 3220 2697 3282 dies
2761 3241 2892 3283 non

597 3333 942 3396 rescribere
1002 3334 1329 3415 cuiquam,
1383 3353 1511 3394 non
1569 3330 1870 3393 mandare
1927 3329 2082 3412 quid
2139 3332 2250 3391 aut
2296 3327 2660 3410 praecipere
2709 3346 2891 3388 cona-

493 3434 580 3501 41
599 3444 703 3502 tus
751 3462 886 3502 rem
944 3440 1201 3503 silentio
1251 3436 1727 3525 oblit[t]erauit.
1811 3436 2037 3500 edictis
2092 3435 2350 3499 tandem
2398 3432 2690 3497 Vindicis
2748 3453 2893 3495 con-

599 3546 958 3611 tumeliosis
1016 3551 1079 3609 et
1125 3545 1568 3629 frequentibus
1625 3548 1955 3626 permotus
2013 3546 2306 3606 senatum
2362 3539 2641 3623 epistula
2688 3540 2756 3602 in
2801 3537 2895 3600 ul-

599 3656 839 3718 tionem
889 3655 990 3717 sui
1035 3654 1254 3735 reique
1300 3652 1593 3735 publicae
1642 3651 2018 3714 adhortatus
2065 3652 2191 3730 est,
2239 3649 2536 3710 excusato
2583 3646 2892 3729 languore
2923 3666 2977 3704 30

746 3819 808 3865 11
849 3831 904 3866 u.
944 3812 1018 3866 ad
1047 3830 1106 3879 p.
1129 3815 1262 3876 258,
1283 3815 1351 3863 14

745 3972 775 4019 2
817 3964 1019 4019 Galliis
1049 3965 1282 4034 Bentley
1428 3970 1459 4017 5
1498 3960 1836 4016 creberrima
1865 3960 2096 4028 Bentley
2241 3959 2328 4010 tot
2366 3956 2619 4009 ΕΧΝΙΟΝ
2652 3955 2739 4022 M,
2775 3957 2896 4008 tote

601 4048 844 4101 θΧΝΙΟΝ
884 4049 952 4112 X,
991 4044 1400 4098 ΤΟΥΕΧΝΙΟΝ
1437 4046 1486 4097 Τ
1626 4047 1657 4094 6
1699 4039 2096 4096 ΔΙὰΤΡΕΟΦΕΙ
2137 4038 2293 4108 (ὰΙὰ-
2321 4037 2390 4105 L,
2428 4035 2573 4091 Dlo-
2602 4036 2671 4104 S)
2711 4034 2894 4103 MLS,

600 4129 824 4197 &lowel
861 4125 1243 4196 ΔΙὰ)ΤΡΕΦΕΙ
1291 4126 1403 4190 rel„
1443 4120 1751 4191 διαθρέψει
1795 4121 2079 4176 Tumnebus
2125 4135 2151 4172 e
2188 4118 2398 4185 Dione,
2445 4117 2533 4171 ἀεὶ
2579 4113 2773 4184 τρέφει
2819 4117 2895 4169 Is.

613 4208 835 4261 Vossius
972 4213 1003 4260 8
1042 4207 1270 4275 quidem
1310 4207 1359 4274 (e
1388 4222 1566 4274 paene
1593 4206 1771 4272 erasa)
1805 4204 1881 4256 M
1993 4197 2433 4254 dominationem
2463 4196 2897 4266 (ordinationem

601 4288 686 4354 Π)
727 4286 957 4340 orientis
995 4290 1043 4340 Τ
1168 4291 1233 4338 10
1274 4289 1390 4339 oms
1422 4287 1498 4339 Μ
1620 4290 1685 4336 12
1724 4282 1890 4336 malis
1918 4278 2192 4334 fatalibus
2221 4278 2527 4350 estimabat
2558 4277 2609 4330 G'·
2722 4283 2785 4330 19
2826 4276 2896 4328 de

601 4364 726 4430 ipso
756 4366 853 4431 qui
887 4366 938 4420 G
1114 4371 1180 4418 20
1219 4365 1520 4436 gaudentis
1558 4364 1896 4429 Beroaldus,
1933 4360 2352 4431 gaudentib(us)
2400 4356 2619 4428 (-dendi
2658 4357 2795 4425 HR)
2826 4359 2897 4422 Ω,

594 4445 959 4579 ῗεῗςσνὶμαπι
1005 4448 1068 4500 in
1117 4447 1169 4500 G
1327 4451 1390 4498 21
1441 4446 1792 4498 occasionem
1829 4445 2029 4498 nactus
2068 4460 2101 4501 ς
2139 4441 2371 4510 Bentley
2535 4443 2601 4490 28
2638 4436 2896 4491 Vindicis

629 4538 678 4591 se
711 4526 748 4593 >
787 4526 1017 4596 Bentley
