3325 5209
1089 396 1303 449 DIVVS
1343 396 1701 450 CLAVDIVS
1740 409 1871 457 [cu.
1903 410 2077 458 25—27]
2572 398 2701 460 219

586 558 867 642 Sponsas
942 559 1287 622 admodum
1352 560 1722 624 adulescens
1797 560 1953 624 duas
2025 561 2282 624 habuit:
2357 557 2702 623 Aemiliam
2721 557 2812 623 26

405 666 714 750 Lepidam
771 664 1056 752 Augusti
1112 670 1515 750 proneptem,
1574 667 1731 730 item
1787 656 2041 730 Liuiam
2096 667 2543 749 Medullinam,
2601 666 2702 729 cui

406 777 469 837 et
527 756 882 859 cognomen
940 771 1249 837 Camillae
1296 778 1460 857 erat,
1516 795 1550 837 e
1595 795 1830 860 genere
1886 774 2151 858 antiquo
2210 774 2542 837 dictatoris
2591 771 2703 835 Ca-

404 879 586 942 milli.
679 879 989 963 priorem,
1057 879 1231 964 quod
1294 884 1591 963 parentes
1653 881 1791 944 eius
1851 879 2222 967 Augustum
2289 880 2702 960 offenderant,

350 1013 374 1053 5
404 986 726 1072 uirginem
792 985 1001 1050 adhuc
1065 987 1457 1070 repudiauit,
1521 988 1945 1070 posteriorem
2010 989 2151 1070 ipso
2210 988 2337 1070 die,
2399 987 2507 1070 qui
2566 989 2703 1048 erat

401 1094 670 1176 nuptiis·
695 1094 1077 1176 destinatus,
1126 1116 1203 1156 ex
1250 1093 1607 1157 ualitudine
1654 1094 1886 1157 amisit.
1962 1116 2195 1157 uxores
2245 1093 2470 1157 deinde
2517 1092 2700 1156 duxit
2739 1108 2770 1153 2

400 1200 722 1264 Plautiam
769 1199 1244 1284 Vrgulanillam
1304 1199 1684 1284 triumphali
1740 1204 1804 1263 et
1859 1206 2011 1264 mox
2067 1199 2319 1264 Aeliam
2364 1199 2700 1263 Paetinam

400 1308 720 1371 consulari
767 1311 968 1391 patre.
1045 1328 1186 1369 cum
1247 1310 1520 1391 utraque
1568 1307 1918 1370 diuortium
1968 1306 2147 1392 fecit,
2196 1306 2308 1370 sed
2354 1328 2500 1370 cum
2544 1305 2697 1369 Pae-

398 1415 537 1477 tina
584 1438 660 1478 ex
715 1414 969 1477 leuibus
1019 1414 1307 1497 offensis,
1365 1435 1507 1477 cum
1556 1413 1965 1498 Vrgulanilla
2022 1413 2105 1476 ob
2160 1413 2507 1477 libidinum
2551 1433 2696 1495 pro-

317 1547 369 1586 10
398 1521 515 1584 bra
563 1526 626 1586 et
670 1521 1005 1585 homicidii
1046 1520 1494 1602 suspicionem.
1569 1525 1719 1603 post
1754 1520 1873 1584 has
1904 1519 2227 1585 Valeriam
2265 1519 2696 1602 Messalinam,

396 1628 662 1691 Barbati
720 1627 1031 1691 Messalae
1090 1626 1461 1689 consobrini
1510 1627 1608 1689 sui
1668 1627 1894 1709 filiam,
1951 1628 2018 1690 in
2064 1628 2551 1691 matrimonium
2598 1646 2692 1688 ac-

397 1736 585 1817 cepit.
662 1756 853 1817 quam
903 1755 1048 1796 cum
1097 1733 1517 1816 comperisset
1565 1755 1758 1816 super
1804 1739 2013 1798 cetera
2058 1734 2306 1818 flagitia
2352 1737 2544 1816 atque
2591 1732 2693 1794 de-

396 1841 625 1903 decora
672 1838 738 1903 C.
780 1838 940 1903 Silio
990 1839 1184 1904 etiam
1232 1841 1528 1922 nupsisse
1569 1840 1717 1904 dote
1754 1841 1924 1904 inter
1970 1841 2258 1923 auspices
2298 1839 2691 1925 consignata,

395 1945 712 2030 supplicio
743 1945 978 2010 adfecit
997 1946 1530 2030 confirmauitque
1559 1967 1677 2030 pro
1709 1948 2006 2010 contione
2036 1947 2205 2029 apud
2232 1945 2691 2029 praetorianos,

314 2080 363 2118 15
394 2057 763 2136 quatenus
795 2052 945 2116 sibi
976 2052 1468 2116 matrimonia
1496 2054 1689 2117 male
1712 2055 2689 2136 cederent,permansurum

392 2181 467 2224 se
496 2159 567 2223 in
603 2159 1018 2243 caelibatu,
1059 2180 1142 2222 ac
1176 2159 1332 2223 nisi
1362 2160 1944 2244 permansisset,
1984 2182 2133 2223 non
2161 2161 2689 2223 recusaturum

389 2267 701 2330 confodi
741 2266 1092 2329 manibus
1132 2266 1492 2348 ipsorum.
1575 2288 1694 2330 nec
1723 2268 1952 2330 durare
1990 2266 2197 2330 ualuit
2235 2265 2390 2349 quin
2429 2263 2504 2327 de
2543 2283 2688 2325 con·
2728 2277 2759 2324 3

389 2373 749 2437 dicionibus
797 2372 1102 2436 continuo
1150 2376 1482 2457 tractaret,
1540 2374 1733 2437 etiam
1784 2374 1860 2437 de
1905 2373 2234 2457 Paetinae,
2291 2393 2481 2455 quam
2531 2369 2685 2432 olim

388 2484 701 2566 exegerat,
741 2480 944 2563 deque
988 2479 1233 2542 Lolliae
1272 2479 1595 2563 Paulinae,
1636 2502 1799 2564 quae
1830 2479 1894 2544 O.
1929 2479 2184 2543 Caesari
2226 2481 2428 2560 nupta
2459 2476 2685 2539 fuerat.

306 2614 358 2651 20
389 2609 610 2650 uerum
661 2586 1000 2650 inlecebris
1041 2585 1459 2672 Agrippinae,
1509 2585 1872 2651 Germanici
1920 2587 2140 2650 fratris
2189 2585 2289 2649 sui
2335 2584 2524 2667 filiae,
2569 2602 2685 2664 per

287 2700 295 2707 ”
388 2692 489 2755 1113
553 2693 757 2756 osculi
817 2696 881 2756 et
943 2693 1403 2756 blanditiarum
1466 2694 1831 2758 occasiones
1891 2693 2203 2778 pellectus
2258 2692 2326 2754 in
2382 2692 2684 2771 amorem,

389 2798 770 2862 subornauit
824 2799 1121 2882 proximo
1179 2803 1404 2863 senatu
1471 2801 1582 2883 qui
1640 2804 2000 2885 censerent,
2067 2797 2426 2884 cogendum
2482 2817 2549 2859 se
2604 2795 2684 2857 ad

388 2905 746 2968 ducendum
794 2927 930 2969 eam
981 2927 1263 2990 uxorem,
1313 2908 1499 2989 quasi
1548 2908 1641 2971 rei
1688 2930 1748 2990 p.
1795 2908 2073 2972 maxime
2121 2907 2485 2987 interesset,
2533 2903 2683 2966 dan-

387 3012 659 3095 damque
707 3012 934 3076 ceteris
983 3012 1235 3076 ueniam
1284 3013 1511 3076 talium
1565 3015 2032 3101 coniugiorum,
2082 3035 2244 3097 quae
2293 3012 2372 3075 ad
2420 3010 2487 3074 id
2518 3013 2681 3073 tem-

303 3145 353 3184 25
382 3140 503 3201 9113
551 3119 793 3182 incesta
846 3118 1266 3182 habebantur.
1352 3142 1425 3183 ac
1472 3121 1585 3184 uix
1632 3144 1762 3185 uno
1821 3121 2206 3204 interposito
2256 3119 2358 3182 die
2406 3116 2681 3181 confecit

381 3226 667 3309 nuptiae,
741 3248 870 3290 non
941 3226 1211 3308 repertis
1279 3227 1390 3310 qui
1457 3232 1878 3310 sequerentur
1954 3229 2345 3312 exemplum,
2412 3226 2680 3305 excepto

379 3332 685 3396 libertino
736 3333 1012 3415 quodam
1061 3336 1123 3395 et
1170 3333 1373 3397 altero
1421 3335 1839 3418 primipilari,
1888 3335 2068 3398 cuius
2117 3332 2490 3416 nuptiarum
2541 3328 2680 3392 offi-

381 3439 549 3502 cium
611 3444 674 3502 et
735 3440 871 3523 ipse
932 3461 1074 3502 cum
1137 3439 1500 3523 Agrippina
1561 3442 1927 3505 celebrauit.
2023 3441 2263 3504 liberos
2327 3460 2403 3501 ex
2463 3435 2675 3499 tribus
2696 3432 2782 3496 27

526 3683 588 3729 12
618 3678 690 3742 cf.
722 3678 902 3733 Victor
922 3679 1071 3733 Caes,
1094 3682 1144 3743 4,
1167 3683 1249 3730 11.
1281 3682 1332 3743 4,
1355 3684 1425 3732 10
1481 3680 1637 3746 Epit.
1661 3685 1713 3745 4,
1736 3687 1784 3733 5.
1801 3686 1836 3733 6
1864 3682 1938 3748 (u.
1962 3698 2020 3748 p.
2041 3683 2172 3744 222,
2195 3681 2250 3747 6)
2419 3680 2486 3727 20
2516 3674 2674 3741 Epit.

379 3762 429 3821 4,
461 3763 530 3811 10
574 3757 948 3827 Agrippinam
996 3756 1314 3810 Germanici
1367 3757 1558 3812 fratris
1609 3761 1696 3813 sui
1743 3760 1922 3812 filiam
1968 3775 2198 3811 uxorem
2246 3757 2421 3810 duxit.
2495 3756 2678 3807 Victor

382 3838 527 3891 Caes.
550 3841 601 3903 4,
624 3842 693 3891 12
731 3854 906 3906 eoque
945 3837 1178 3891 herilem
1216 3837 1523 3892 stultitiam
1556 3840 1883 3909 perpulere,
1931 3840 2017 3892 uti
2065 3855 2232 3893 senex
2270 3837 2461 3890 fratris
2499 3834 2676 3886 filiam

379 3917 437 3968 in
477 3918 702 3986 nuptias
741 3919 1175 3987 concupisceret.
1222 3920 1292 3984 ef.
1323 3920 1494 3974 Schol.
1526 3922 1654 3974 qu.
1686 3926 1836 3986 2‚29

521 4140 551 4183 3
591 4135 648 4186 et
686 4149 993 4201 cognomen
1026 4134 1160 4196 GX,
1211 4136 1268 4186 et
1305 4151 1612 4201 cognomen
1653 4140 1710 4189 et
1743 4139 1835 4201 M,
1884 4151 2193 4204 cognomen
2232 4136 2287 4185 et
2334 4133 2381 4183 Τ
2561 4126 2674 4179 cal-

377 4212 532 4284 mille
565 4214 638 4265 M
755 4218 787 4265 4
826 4216 1116 4283 quodquot
1149 4215 1222 4267 M
1343 4216 1461 4268 eius
1500 4233 1597 4269 om.
1632 4217 1706 4268 M
1713 4218 1726 4246 ¹
1754 4218 1849 4285 (31’
1890 4217 2125 4270 inseruit
2150 4232 2218 4267 m.
2252 4212 2340 4280 15²)
2502 4215 2531 4259 5
2573 4205 2672 4258 ad-

376 4292 484 4345 huc
513 4310 613 4346 om.
646 4295 752 4364 HQ
885 4300 913 4346 7
952 4293 1354 4362 urgulanillam
1381 4299 1461 4361 M,
1501 4298 1724 4367 tfiergul-
1755 4300 1810 4351 P
1844 4297 2144 4366 (praecedit
2170 4292 2458 4362 plautius),
2490 4285 2672 4355 ergul·

376 4374 571 4442 (ercul·
611 4375 791 4444 GHQ)
828 4375 920 4428 rel.
1121 4379 1152 4426 9
1191 4375 1589 4430 offensionibus
1624 4378 1673 4431 G
1859 4373 2196 4446 ergulanilla
2235 4376 2371 4441 (erc-
2413 4368 2591 4436 GHQ>
2621 4369 2672 4418 Ω,

381 4459 442 4504 13
474 4457 531 4507 et
559 4456 691 4510 dote
726 4458 774 4507 Τ
878 4455 1193 4524 consignati
1217 4459 1293 4510 Μ
1398 4463 1461 4510 15
1492 4459 1757 4526 quatinus
1784 4459 1929 4528 QRS
2040 4462 2100 4509 17
2135 4471 2193 4507 se
2223 4449 2449 4506 confodi
2478 4446 2677 4502 PSOT

378 4539 441 4586 19
480 4535 727 4603 pallinae
758 4540 815 4587 X
953 4541 1019 4587 20
1059 4536 1145 4587 sui
1183 4554 1282 4590 om.
1318 4538 1369 4591 G
1514 4543 1579 4591 ‘25
1617 4540 1841 4609 ingesta
1873 4540 2036 4593 MG&
