3325 5209
571 373 703 436 200
1069 423 1102 463 f.
1270 374 1680 444 stnroffl
1700 376 2162 443 „TRANQVILLI

570 535 824 600 hostem
871 537 1062 600 etiam
1103 538 1477 621 'frequenter
1523 560 1776 603 caesum
1826 561 1898 603 ac
1944 542 2200 624 penitus
2239 542 2308 605 in
2344 543 2604 606 intimas
2644 543 2863 606 solitu—

575 642 752 707 dines
800 646 1014 706 actum
1059 665 1193 708 non
1237 646 1414 727 prius
1456 645 1704 709 destitit
1739 646 2008 729 insequi,
2046 670 2238 729 quam
2280 650 2521 732 species
2561 649 2865 712 barbarae

574 749 861 812 mulieris
908 748 1190 814 humana
1236 752 1511 834 amplior
1554 754 1868 816 uictorem
1917 754 2176 818 tendere
2215 756 2400 819 ultra⁴
2423 778 2713 819 sermone
2749 755 2866 819 La-

505 870 536 918 3
575 855 713 919 tino
774 854 1222 938 prohibuisset.
1324 881 1481 940 quas
1543 859 1626 921 ob
1688 881 1788 923 res
1859 859 2094 924 ouandi
2163 862 2264 925 ius
2326 865 2389 925 et
2452 860 2869 944 triumphalia

577 966 949 1026 ornamenta
1004 966 1318 1048 percepit3
1375 987 1448 1029 ac
1502 969 1651 1048 post
1707 969 2071 1048 praeturam
2129 968 2465 1032 confestim
2513 968 2674 1031 inito
2724 991 2869 1033 con-
2925 993 2951 1033 ⁵

578 1069 791 1133 sulatu
838 1073 1029 1152 atque
1073 1064 1478 1154 expeditione
1516 1073 1788 1155 repetita
1827 1095 2196 1156 supremum
2236 1075 2404 1139 diem
2444 1075 2669 1139 morbo
2711 1075 2871 1138 obiit

576 1175 645 1238 in
692 1177 953 1240 aestiuis
1004 1178 1244 1260 castris,
1292 1200 1453 1261 quae
1502 1201 1579 1243 ex
1626 1200 1702 1242 eo
1752 1176 2074 1243 Scelerata
2123 1184 2272 1244 sunt
2319 1183 2655 1265 appellata.
2739 1203 2872 1245 cor-

581 1304 703 1365 pus
751 1282 885 1346 eius
929 1306 1045 1366 per
1068 1284 1578 1371 ‘municipiorum
1618 1286 2140 1368 coloniarumque
2177 1287 2490 1370 primores
2531 1290 2871 1371 suscipien-

583 1389 755 1452 tibus
805 1389 1014 1453 obuiis
1064 1390 1415 1454 scribarum
1459 1391 1730 1455 decuriis
1771 1393 1850 1456 ad
1888 1394 2111 1456 urbem
2152 1394 2488 1459 deuectum
2527 1396 2873 1477 sepultum-

586 1517 709 1578 que
758 1500 855 1560 est
907 1496 977 1559 in
1034 1519 1260 1579 campo
1308 1495 1559 1560 Martio
1646 1502 1925 1562 ceterum
1984 1500 2300 1564 exercitus
2356 1500 2771 1564 honorarium
2818 1501 2875 1564 ei
2908 1528 2959 1567 ιο

586 1604 910 1666 tumulum
958 1604 1291 1684 excitauit,
1352 1605 1518 1666 circa
1565 1625 1756 1686 quem
1815 1605 2114 1689 deinceps
2171 1610 2337 1669 stato
2388 1606 2488 1670 die
2536 1608 2877 1690 quotannis

587 1710 772 1773 miles
830 1709 1189 1773 decurreret
1245 1708 1723 1793 Galliarumque
1771 1712 2064 1775 ciuitates
2120 1704 2380 1795 publice
2427 1713 2876 1797 supplicarent.

588 1819 920 1899 praeterea
965 1820 1221 1880 senatus
1269 1817 1437 1881 inter
1479 1818 1604 1880 alia
1643 1818 1975 1901 complura
2014 1841 2440 1882 marmoreum
2481 1841 2696 1883 arcum
2736 1842 2880 1884 cum

590 1925 871 2007 tropaeis
909 1923 1017 1987 uia
1043 1913 1260 2007 Appia
1298 1924 1581 1988 decreuit
1620 1928 1684 1988 et
1714 1921 2074 1988 Germanici
2114 1947 2471 2010 cognomen
2508 1926 2635 2011 ipsi
2671 1932 2882 2010 poste-

519 2043 551 2089 4
587 2031 803 2114 risque
851 2030 1002 2095 eius.
1088 2030 1285 2095 fuisse
1333 2034 1547 2094 autem
1595 2030 1874 2095 creditur
1927 2053 2059 2095 non
2105 2032 2316 2096 minus
2373 2034 2639 2117 gloriosi
2689 2056 2882 2117 quam
2915 2059 2964 2099 15

593 2139 801 2204 ciuilis
863 2139 1087 2221 animi3
1146 2159 1296 2201 nam
1358 2161 1435 2202 ex
1494 2138 1682 2203 hoste
1744 2159 1935 2220 super
1993 2137 2296 2203 uictorias
2359 2140 2574 2222 opima
2631 2162 2886 2223 quoque

593 2246 801 2329 spolia
857 2249 1147 2328 captasse
1203 2266 1583 2326 summoque
1650 2245 1902 2327 saepius
1962 2243 2326 2309 discrimine
2384 2246 2574 2310 duces
2635 2244 2886 2310 Germa-

592 2374 826 2416 norum
873 2356 1013 2415 tota
1043 2352 1193 2418 ,acie
1240 2353 1619 2435 insectatus3
1676 2372 1793 2415 nec
1841 2351 2275 2416 dissimulasse
2322 2375 2628 2435 umquam
2676 2355 2887 2437 pristi-

594 2482 751 2523 num
800 2481 865 2523 se
912 2459 1003 2522 rei
1049 2481 1109 2541 p.
1152 2461 1409 2539 statum,
1458 2458 1841 2541 quandoque
1887 2462 2131 2541 posset,
2176 2459 2639 2524 restituturum.
2722 2462 2889 2525 unde

598 2565 896 2629 existimo
960 2566 1307 2629 nonnullos
1372 2564 1622 2629 tradere
1689 2587 1897 2648 ausoS‚
1963 2569 2331 2648 suspectum
2389 2589 2535 2629 eum
2588 2566 2887 2653 Augusto
2919 2593 2971 2632 20

598 2675 1096 2754 reuocatumque
1153 2695 1229 2736 ex
1287 2674 1623 2755 prouincia
1672 2677 1735 2736 et
1782 2673 1932 2754 quia
1979 2676 2409 2755 cunctaretur,
2464 2674 2890 2758 interceptum

530 2787 561 2835 5
601 2800 865 2843 uenen0.
969 2779 1142 2861 quod
1211 2779 1505 2862 equidem
1578 2779 1783 2864 magis
1852 2801 1932 2842 ne
2003 2781 2578 2861 praetermitterem
2654 2780 2894 2863 rettuli,

554 2943 557 2947 .
602 2907 796 2969 quam
835 2887 1248 2968 quiauerum
1293 2889 1409 2949 aut
1447 2887 1580 2949 ueri
1622 2886 2108 2968 simile-putem,
2158 2908 2303 2950 cum
2341 2884 2675 2972 Augustus
2713 2892 2894 2951 tanto

603 3014 795 3076 opere
843 2997 906 3056 et
951 2991 1174 3056 uiuum
1224 2993 1534 3075 dilexerit,
1580 2997 1653 3055 ut
1701 2992 2073 3057 coheredem
2123 3015 2374 3075 semper
2418 2993 2569 3057 filiis
2606 2995 2896 3058 institue·

602 3100 707 3183 rit,
753 3099 920 3164 sicut
967 3101 1289 3185 quondam
1336 3101 1404 3163 in
1461 3104 1687 3163 senatu
1732 3100 2058 3182 professus
2107 3105 2229 3182 est,
2278 3105 2340 3162 et
2388 3101 2759 3165 defunctum
2808 3103 2898 3165 ita
2926 3125 2976 3165 25

604 3229 722 3292 pro
752 3207 1060 3286 ‚contione
1095 3206 1471 3290 laudauerit‚
1508 3210 1581 3269 ut
1620 3207 1771 3269 deos
1810 3213 2103 3288 precatus
2144 3208 2245 3290 sit,
2283 3207 2578 3271 similes
2619 3207 2686 3271 ei
2720 3206 2894 3271 Cae·

609 3336 814 3379 sares
862 3336 1038 3377 suos
1075 3314 1418 3377 facerent
1456 3312 1761 3394 sibique
1808 3319 1957 3375 tam
1996 3312 2401 3376 honestum
2442 3316 2898 3398 quandoque

610 3421 898 3485 exitum
929 3420 1196 3484 darent
1227 3442 1444 3502 quam
1474 3420 1598 3483 illi
1628 3418 2034 3482 dedissent.
2099 3441 2217 3483 nec
2247 3424 2586 3483 contentus
2616 3420 2898 3504 elogium

608 3528 861 3591 tumulo
909 3528 1043 3590 eius
1082 3526 1371 3591 uersibus
1411 3548 1449 3589 a
1490 3549 1555 3590 se
1594 3526 1969 3609 compositis
2018 3527 2450 3609 insculpsisse‚
2497 3527 2688 3591 etiam
2727 3527 2900 3590 uitae

611 3620 987 3699 memoriam
1032 3656 1224 3716 prosa
1271 3634 1559 3697 oratione
1609 3633 1987 3716 composuit.
2930 3658 2984 3698 so

543 3764 574 3811 6
791 3741 892 3804 Ex
932 3739 1218 3804 Antonia
1254 3741 1499 3803 minore
1537 3741 1899 3823 complures
1931 3740 2186 3822 quidem
2216 3740 2452 3804 liberos
2481 3740 2650 3822 tulit,
2680 3763 2903 3804 uerum

612 3853 743 3912 tres
791 3849 1053 3911 omnino
1101 3848 1385 3930 reliquit:
1428 3846 1893 3929 Germanicum,
1940 3846 2261 3928 Liuillam‚
2310 3844 2661 3910 Claudium.

761 4030 825 4077 10
863 4026 930 4090 cf.
972 4024 1206 4091 Eutrop.
1245 4023 1358 4075 VII
1385 4026 1469 4087 13,
1494 4027 1520 4074 1
1568 4022 1750 4087 Drusi,
1791 4022 1887 4089 qui
1928 4023 2078 4090 apud
2118 4021 2539 4091 Mogontiacum
2577 4037 2901 4073 monumen-

615 4109 737 4159 tum
772 4105 961 4158 habet.
2122 4130 2125 4133 ι

763 4270 791 4316 7
834 4265 1104 4318 scelerato
1138 4266 1211 4318 M
1316 4269 1346 4315 9
1385 4263 1606 4316 decuris
1635 4263 1780 4315 Roth
1894 4269 1953 4314 11
1988 4265 2201 4315 statuto
2235 4263 2588 4316 GRL²POT
2694 4268 2759 4314 14
2788 4278 2908 4330 ger-

618 4344 773 4398 mani
805 4346 985 4399 MGL
1187 4349 1250 4396 15
1288 4343 1545 4411 generosi
1586 4344 1817 4411 Bentley
2034 4342 2220 4394 ciuilis
2259 4359 2428 4409 quam
2467 4341 2699 4412 gloriosi
2737 4343 2913 4394 Polak

623 4430 688 4479 16
727 4425 945 4492 optima
986 4425 1037 4478 G
1148 4429 1211 4476 17
1252 4440 1465 4476 summo
1506 4424 1682 4477 Pozak
1793 4427 1857 4474 18
1896 4422 2198 4490 pristinum
2226 4440 2325 4476 om.
2362 4423 2411 4475 G
2522 4416 2589 4475 20
2629 4422 2827 4489 estimo
2862 4420 2913 4475 G

623 4512 687 4558 22
710 4521 780 4558 ne
802 4504 1026 4577 (quid)
1050 4504 1225 4558 Polak
1325 4508 1389 4555 25
1422 4506 1479 4555 et
1507 4520 1605 4556 om.
1632 4503 1816 4556 MGX
1930 4508 1994 4554 29
2027 4502 2369 4570 exculpsisse
2389 4506 2444 4554 X
2544 4507 2610 4555 32
2638 4500 2839 4554 liuiam
2864 4500 2915 4555 G
