3325 5209
1096 355 1316 411 Drvvs
1346 355 1851 429 ,VESPASIANVS
1890 369 2021 418 [οη.
2054 369 2175 418 2-4]
2646 358 2776 422 309

472 523 752 587 maniam
804 520 1041 585 missus
1079 524 1205 605 est3
1251 518 1400 585 inde
1438 520 1510 584 in
1544 520 1949 584 Britanniam
1988 519 2336 585 translatus
2374 521 2591 585 tricies
2631 543 2775 588 cum

471 629 655 707 hoste
689 627 1001 693 conflixit.
1058 627 1215 692 duas
1243 627 1677 692 ualidissimas
1703 632 1925 712 gentes
1946 648 2262 712 superque
2281 627 2517 713 uiginti
2541 628 2778 714 oppida

471 739 536 799 et
581 734 861 799 insulam
906 733 1176 799 Vectem
1222 734 1597 798 Britanniae
1642 735 2004 818 proximam
2051 734 2120 798 in
2166 733 2483 798 dicionem
2529 734 2777 821 redegit

470 841 709 925 partim
734 839 890 905 Auli
908 839 1124 905 Plauti
1143 840 1342 926 legati
1366 840 1723 905 consularis
1742 842 1977 924 partim
2004 838 2309 926 Claudi[i]
2333 842 2534 925 ipsius
2564 841 2775 930 ductu.

388 973 444 1013 ,ε
473 969 669 1030 quare
716 945 1137 1031 triumphalia
1186 951 1560 1011 ornamenta
1605 950 1670 1011 et
1717 949 1785 1011 in
1827 946 2012 1011 breui
2058 947 2265 1030 spatio
2304 948 2539 1032 duplex
2578 970 2778 1012 sacer-

474 1054 722 1118 dotium
774 1054 1048 1139 accepit,
1103 1058 1432 1138 praeterea
1478 1054 1907 1138 consulatum,
1965 1076 2154 1138 quem
2200 1053 2402 1140 gessit
2454 1077 2568 1139 per
2615 1055 2775 1119 duos

472 1161 864 1225 nouissimos
920 1160 1072 1223 anni
1118 1182 1385 1225 menses.
1485 1160 1767 1224 medium
1814 1164 2070 1245 tempus
2125 1161 2202 1225 ad
2250 1161 2773 1244 proconsulatum

472 1289 673 1350 usque
721 1268 789 1330 in
838 1267 971 1331 otio
1032 1288 1409 1351 secessuque
1458 1267 1606 1353 egit,
1667 1266 2096 1352 Agrippinam
2155 1268 2389 1332 timens
2447 1273 2775 1353 potentem

473 1373 683 1438 adhuc
730 1373 902 1458 apud
938 1372 1148 1438 filium
1186 1379 1249 1438 et
1289 1373 1578 1438 defuncti
1620 1396 1875 1459 quoque
1911 1373 2199 1439 Narcissi
2236 1375 2425 1439 amici
2461 1397 2773 1459 perosam.

391 1507 443 1557 19
649 1479 846 1544 Exim
905 1483 1175 1545 sortitus
1231 1479 1517 1544 Africam
1577 1480 1990 1566 integerrime
2044 1501 2160 1545 nec
2216 1482 2350 1544 sine
2406 1504 2641 1567 magna
2685 1481 2773 1546 di-

472 1586 778 1671 gnatione
822 1587 1316 1671 administrauit,
1352 1587 1480 1651 nisi
1519 1586 1694 1671 quod
1731 1586 2112 1651 Hadrumeti
2151 1587 2461 1652 seditione
2499 1588 2775 1671 quadam

470 1715 626 1775 rapa
686 1694 755 1757 in
816 1716 966 1757 eum
1024 1694 1191 1757 iacta
1253 1698 1419 1758 sunt.
1511 1693 1701 1758 rediit
1763 1698 1932 1758 certe
1989 1694 2195 1777 nihilo
2260 1695 2643 1780 opulentior,
2703 1700 2777 1759 ut

472 1799 582 1881 qui
630 1820 831 1883 prope
876 1799 1264 1864 labefactata
1309 1801 1440 1864 iam
1486 1800 1610 1864 fide
1658 1801 1875 1865 omnia
1920 1801 2180 1885 praedia
2224 1801 2410 1865 fratri
2457 1801 2776 1887 obligaret

468 1906 952 1989 necessarioque
1000 1906 1080 1969 ad
1144 1908 1563 1991 mangonicos
1619 1911 1920 1991 quaestus
1981 1908 2386 1972 sustinendae
2443 1907 2776 1994 dignitatis

390 2037 442 2078 15
473 2031 662 2074 causa
701 2012 1127 2098 descenderit3
1175 2017 1443 2098 propter
1470 2014 1643 2097 quod
1672 2014 1870 2100 uulgo
1910 2014 2144 2079 mulio
2183 2014 2554 2079 uocabatur.
2630 2036 2775 2079 con-

471 2116 683 2182 uictus
733 2141 989 2202 quoque
1034 2120 1271 2185 dicitur
1322 2120 1595 2185 ducenta
1639 2120 1931 2184 sestertia
1969 2121 2351 2204 expressisse
2389 2120 2625 2205 iuueni,
2671 2121 2775 2185 cui

469 2224 672 2288 latum
730 2225 986 2290 clauum
1043 2227 1350 2292 aduersus
1406 2227 1609 2311 patris
1666 2228 2069 2291 uoluntatem
2123 2228 2517 2312 impetrarat,
2573 2249 2774 2310 eoque

469 2331 729 2396 nomine
777 2334 1064 2418 grauiter
1110 2334 1478 2418 increpitus,

647 2437 1175 2523 Peregrinatione
1226 2440 1508 2505 Achaica
1564 2441 1736 2504 inter
1793 2440 2058 2504 comites
2103 2440 2382 2505 Neronis
2440 2461 2585 2504 cum
2634 2461 2775 2503 can-

385 2571 445 2610 20
471 2546 651 2608 tante
709 2567 782 2609 eo
841 2550 953 2609 aut
1010 2546 1362 2611 discederet
1418 2547 1677 2631 saepius
1734 2550 1846 2610 aut
1901 2568 2202 2629 praesens
2259 2547 2775 2629 obdormisceret,

470 2652 922 2735 grauissimam
974 2654 1296 2716 contraxit
1347 2654 1677 2738 offensam,
1723 2652 2217 2737 prohibitusque
2260 2676 2395 2718 non
2440 2654 2773 2718 contuber-

467 2759 578 2820 nio
636 2758 826 2823 modo
885 2759 995 2822 sed
1051 2758 1247 2822 etiam
1306 2758 1565 2843 publica
1621 2760 2010 2824 salutatione
2067 2762 2327 2825 secessit
2381 2761 2450 2824 in
2503 2783 2773 2846 paruam

469 2884 542 2926 ac
596 2864 851 2928 deuiam
908 2865 1254 2949 ciuitatem,
1323 2866 1533 2949 quoad
1588 2867 1817 2931 latenti
1875 2868 2194 2950 etiamque
2242 2871 2526 2931 extrema
2571 2871 2771 2931 metu-

468 2971 598 3034 enti
649 2973 988 3056 prouincia
1036 2994 1177 3036 cum
1233 2972 1518 3037 exercitu
1566 2973 1784 3038 oblata
1831 2978 1943 3038 est.

386 3103 439 3143 25
650 3076 1138 3142 Percrebruerat
1190 3075 1451 3143 Oriente
1497 3082 1638 3144 toto
1691 3083 1876 3144 uetus
1924 3084 1988 3144 et
2036 3085 2335 3145 constans
2380 3082 2599 3167 opinio
2639 3103 2774 3146 esse

468 3184 535 3246 in
593 3184 745 3247 fatis
791 3189 865 3249 ut
912 3206 986 3248 eo
1035 3189 1322 3269 tempore
1372 3184 1607 3251 Iudaea
1651 3187 1926 3270 profecti
1974 3209 2191 3251 rerum
2237 3189 2614 3273 potirentur.
2707 3188 2774 3251 id

613 3381 678 3429 25
692 3394 811 3445 sqq.
857 3378 1006 3432 Oros.
1042 3379 1164 3432 VII
1184 3383 1293 3444 9,2
1336 3378 1529 3433 Iudaei
1561 3422 1570 3433 .
1607 3424 1615 3433 .
1651 3422 1662 3433 .
1701 3379 2043 3448 quibusdam
2079 3380 2138 3433 in
2178 3379 2431 3434 Carmelo
2468 3383 2658 3435 monte
2696 3383 2770 3450 (u.

460 3473 520 3525 p.
552 3461 675 3523 311,
694 3460 789 3528 22)
830 3459 1049 3512 seducti
1088 3459 1348 3526 sortibus,
1405 3475 1550 3527 quae
1588 3460 1989 3528 portenderent
2027 3463 2247 3514 exortos
2287 3477 2320 3514 a
2355 3460 2566 3514 Iudaea
2603 3461 2772 3515 duces

467 3553 653 3589 rerum
698 3538 977 3606 potituros
1024 3538 1168 3605 fore,
1225 3539 1694 3608 praedictumque
1742 3541 1815 3594 ad
1861 3558 1919 3594 se
1967 3541 2254 3595 trahentes
2302 3541 2364 3595 in
2407 3540 2773 3595 rebellionem

469 3619 795 3670 exarserunt
833 3618 1207 3687 extinctisque
1235 3620 1504 3673 Romanis
1543 3620 1845 3689 praesidiis
1881 3620 2137 3691 legatum
2169 3638 2391 3689 quoque
2421 3620 2615 3690 Syriae
2644 3640 2771 3690 sup-

419 3715 432 3723 ·
469 3697 655 3763 petias
692 3697 967 3752 ferentem
1001 3702 1167 3768 rapta
1204 3699 1399 3767 aquila
1437 3701 1728 3769 caesisque
1766 3701 1944 3770 copiis
1985 3702 2342 3772 fugauerunt.

614 3864 641 3911 1
693 3857 755 3910 in
793 3875 896 3913 om.
929 3860 1005 3913 M
1116 3857 1306 3913 tricies
1347 3862 1405 3913 et
1441 3859 1528 3913 bis
1567 3862 1807 3929 Eutrop.
1955 3867 1985 3914 2
2033 3881 2121 3915 xx.
2165 3862 2320 3915 GYL
2466 3868 2497 3915 3
2537 3862 2773 3917 Vectam

471 3938 710 4006 Eutrop.
751 3936 985 4008 (Βέκτηώ
1032 3940 1265 4009 Paean.)
1423 3940 1771 3994 deditionem
1825 3942 1940 3997 GH
2113 3948 2148 3995 4
2204 3942 2390 4011 plauti
2443 3941 2627 4011 palati
2684 3945 2771 4009 M,

467 4015 714 4084 palatini
761 4020 803 4086 (-
817 4019 940 4072 tani
981 4020 1045 4089 Q)
1090 4021 1138 4071 Τ
1337 4026 1368 4073 9
1429 4020 1637 4074 amicos
1677 4038 1936 4090 perosam
1975 4039 2008 4080 ς
2056 4023 2195 4092 (edd.
2220 4040 2311 4091 pr.
2343 4023 2542 4091 Rom),
2579 4022 2773 4077 amici-

467 4095 610 4149 tiam
656 4098 1033 4166 periculosam
1073 4101 1266 4154 Modd.
1454 4106 1520 4154 10
1578 4100 1743 4154 Exim
1784 4103 1880 4168 M,
1928 4101 2073 4155 Exin
2108 4103 2231 4169 rel„
2277 4104 2345 4170 ef.
2390 4103 2573 4158 Galba
2611 4108 2645 4159 6

471 4182 534 4229 11
594 4176 868 4244 quiddam
903 4179 1231 4248 rapinarum
1267 4179 1329 4232 in
1369 4197 1497 4234 eum
1533 4181 1821 4235 iactarunt
1860 4182 1912 4236 G
2067 4187 2133 4236 13
2189 4183 2478 4238 labefacta
2514 4188 2572 4237 X
2603 4185 2773 4252 (-tata

467 4255 567 4326 L2)
766 4257 930 4312 fratri
984 4259 1220 4327 praedia
1279 4259 1331 4313 G-
1530 4260 1874 4331 obligauerit
1925 4266 1995 4332 (et
2046 4280 2116 4317 se.
2162 4261 2195 4315 l'
2239 4265 2345 4333 ret)
2394 4282 2445 4330 ε,
2504 4264 2773 4334 obligarit

467 4337 753 4407 Eynatius
916 4344 981 4392 16
1040 4339 1131 4392 cui
1167 4340 1468 4395 Sabellicus
1505 4340 1636 4411 (ςὲ),
1678 4341 1777 4410 qui
1812 4345 1864 4396 Ω.
2028 4349 2094 4395 22
2153 4343 2541 4399 satisfactione
2583 4347 2631 4397 Τ

468 4421 535 4469 23
574 4417 882 4490 etiamque]
921 4421 979 4472 et
1014 4418 1131 4473 iam
1169 4422 1402 4490 Bentley
1426 4421 1515 4490 (ef.
1550 4423 1666 4478 Gal.
1685 4425 1744 4492 2)
1885 4428 1951 4475 25
1992 4423 2393 4492 percrubuerat
2422 4427 2510 4491 M,
2548 4424 2772 4479 -buerat

466 4498 631 4551 etiam
669 4500 764 4553 rel.
794 4505 1018 4567 praeter
1045 4499 1262 4570 L¹1T⁸Q
1408 4518 1526 4555 esse
1564 4502 1625 4554 in
1661 4501 1796 4556 fatis
1834 4520 1935 4558 om.
1970 4504 2022 4558 G

2815 968 2845 1014 2

2812 1503 2844 1549 3
