3325 5209
1158 399 1375 453 DIVVS
1411 398 1650 453 IVLIVS
1691 410 1821 458 [cu.
1843 408 1991 457 6--111
2678 397 2719 460 5

424 584 499 627 eo
549 563 857 648 magister
911 563 1201 646 equitum
1249 562 1568 626 diceretur
1613 562 2089 644 constitutaque
2146 560 2226 623 ad
2269 558 2605 623 arbitrium
2652 581 2721 622 re

422 668 684 752 publica
741 668 957 733 Sullae
1018 674 1083 733 et
1137 668 1456 733 Autronio
1517 668 1889 733 consulatus
1943 668 2402 731 restitueretur.
2504 664 2722 729 memi-
2760 682 2790 728 2

421 780 658 839 nerunt
695 776 887 840 huius
926 777 1390 841 coniurationis
1420 775 1741 839 Tanusius
1771 773 2081 838 Geminus
2118 773 2188 836 in
2223 772 2511 855 historia,
2557 770 2724 836 Mar-

422 905 537 948 cus
573 881 849 947 Bibulus
897 884 965 946 in
1012 883 1255 966 edictis,
1304 880 1370 946 C.
1412 881 1605 946 Curio
1651 886 1836 964 pater
1882 881 1949 944 in
1997 880 2413 945 orationibus
2489 878 2566 942 de
2602 878 2722 941 hac

361 1015 390 1053 5
422 990 788 1073 significare
842 990 1098 1053 videtur
1154 993 1215 1053 et
1274 989 1496 1053 Cicero
1552 990 1620 1051 in
1687 987 1959 1072 quadam
2016 988 2096 1051 ad
2150 985 2389 1049 Axium
2446 985 2723 1068 epistula

419 1096 585 1178 <Ῐνφ
615 1097 684 1159 Ε
721 1096 838 1159 XI
866 1096 948 1179 5>
976 1096 1255 1160 referens
1287 1094 1620 1160 Caesarem
1657 1095 1726 1158 in
1773 1095 2109 1159 consulatu
2140 1094 2547 1159 confirmasse
2585 1112 2724 1175 reg-

418 1227 598 1286 num,
646 1204 722 1267 de
770 1226 897 1286 quo
947 1204 1170 1267 aedilis
1219 1203 1550 1288 cogitarat.
1644 1201 1961 1265 Tanusius
2009 1201 2202 1265 adicit
2241 1198 2540 1264 Crassum
2577 1219 2722 1280 pae-

421 1312 697 1375 nitentia
750 1309 856 1374 uel
910 1315 1087 1374 metu
1145 1311 1313 1375 diem
1381 1310 1555 1373 caedi
1614 1310 2002 1374 destinatum
2058 1330 2190 1372 non
2246 1307 2456 1371 obisse
2512 1309 2576 1369 et
2630 1305 2721 1368 id-

423 1418 594 1482 circo
633 1440 713 1481 ne
745 1415 1079 1482 Caesarem
1120 1417 1379 1501 quidem
1417 1419 1695 1502 signum,
1734 1416 1908 1499 quod
1936 1414 2015 1479 ab
2048 1436 2122 1478 eo
2153 1415 2288 1478 dari
2319 1416 2721 1494 conuenerat,

335 1548 393 1587 ιο
423 1524 699 1609 dedisse3
749 1525 1124 1588 conuenisse
1172 1528 1387 1587 autem
1429 1523 1620 1587 Curio
1669 1524 1779 1606 ait,
1825 1527 1899 1586 ut
1944 1526 2165 1607 togam
2214 1522 2290 1585 de
2327 1542 2547 1584 umero
2598 1518 2719 1582 dei-

423 1634 613 1696 ceret.
686 1631 855 1694 idem
905 1629 1100 1695 Curio
1141 1630 1251 1695 sed
1291 1635 1354 1694 et
1390 1630 1476 1694 Μ.
1506 1630 1809 1694 Actorius
1845 1628 2023 1693 Naso
2062 1634 2351 1693 auctores
2390 1631 2539 1690 sunt
2576 1648 2723 1689 con·
2762 1641 2793 1688 3

425 1738 703 1820 spirasse
759 1760 902 1801 eum
962 1737 1155 1802 etiam
1215 1758 1362 1801 cum
1428 1736 1639 1802 Gnaeo
1696 1735 1931 1801 Pisone
1996 1735 2426 1816 adulescente,
2481 1734 2581 1797 cui
2640 1733 2720 1796 ob

423 1843 854 1926 suspicionem
910 1845 1192 1908 urbanae
1259 1844 1720 1909 coniurationis
1786 1844 2121 1926 prouincia
2184 1841 2498 1926 Hispania
2553 1841 2722 1903 ultro

426 1956 609 2015 extra
665 1951 950 2015 ordinem
1010 1953 1159 2015 data
1217 1951 1327 2036 sit3
1383 1950 1774 2033 pactumque
1830 1954 1903 2012 ut
1960 1947 2151 2013 simul
2196 1948 2357 2013 foris
2402 1948 2539 2030 ille,
2587 1948 2722 2029 ipse

335 2080 393 2121 15
423 2056 670 2121 Romae
709 2057 788 2122 ad
823 2080 924 2122 res
960 2080 1164 2122 nouas
1203 2060 1680 2143 consurgerent,
1725 2079 1841 2139 per
1876 2055 2273 2119 †Ambranos
2313 2059 2375 2118 et
2412 2053 2724 2136 Transpa-

426 2165 654 2248 danos3
701 2165 1082 2229 destitutum
1128 2165 1463 2247 utriusque
1512 2162 1854 2227 consilium
1901 2166 2107 2225 morte
2151 2160 2423 2225 Pisonis.

605 2269 850 2336 Aedilis
910 2274 1163 2353 praeter
1223 2270 1555 2334 comitium
1622 2292 1696 2333 ac
1755 2268 1969 2333 forum
2037 2268 2463 2350 basilicasque
2526 2268 2719 2330 etiam
2744 2261 2831 2326 10

426 2377 819 2461 Capitolium
868 2379 1121 2440 ornauit
1165 2377 1523 2460 porticibus
1571 2377 1647 2439 ad
1698 2377 1952 2459 tempus
2000 2376 2326 2456 extructiS,
2372 2375 2439 2438 in
2487 2373 2722 2457 quibus

425 2485 791 2549 abundante
851 2506 1063 2548 rerum
1126 2484 1310 2567 copia
1368 2506 1515 2566 pars
1582 2488 1928 2566 apparatus
1991 2485 2429 2565 exponeretur.
2535 2500 2724 2542 uena-

338 2616 398 2654 20
425 2594 639 2657 tiones
697 2595 912 2655 autem
973 2590 1284 2675 ludosque
1346 2594 1410 2654 et
1471 2611 1615 2654 cum
1673 2591 1920 2674 collega
1980 2593 2044 2652 et
2105 2587 2450 2671 separatim
2506 2585 2726 2662 edidit,

426 2720 556 2783 quo
620 2699 863 2762 factum
928 2702 1051 2780 est,
1115 2701 1189 2761 ut
1245 2696 1687 2763 communium
1752 2717 2007 2778 quoque
2071 2696 2481 2778 inpensarum
2548 2694 2723 2757 solus

426 2806 702 2892 gratiam
750 2808 1004 2888 caperet
1046 2825 1168 2868 nec
1205 2804 1636 2868 dissimularet
1687 2802 1933 2887 collega
1970 2803 2105 2866 eius
2143 2801 2397 2876 Marcus
2435 2800 2725 2883 Bibulus,

426 2914 775 2978 evenisse
813 2910 966 2975 sibi
1004 2911 1204 2994 quod
1241 2910 1572 2974 Polluci:
1620 2914 1702 2973 ut
1740 2910 1939 2972 enim
1977 2909 2307 2994 geminis
2345 2908 2724 2972 fratribus

427 3021 648 3084 aedes
696 3020 776 3082 in
827 3018 997 3082 foro
1056 3018 1486 3080 constituta
1541 3020 1837 3080 tantum
1898 3013 2238 3079 Castoris
2285 3019 2726 3097 uocaretur,

341 3148 397 3187 25
427 3127 538 3190 ita
594 3148 800 3190 suam
859 3122 1358 3206 Caesarisque
1415 3123 2032 3186 munificentiam
2090 3123 2313 3185 unius
2372 3121 2724 3186 Caesaris

428 3233 596 3297 dici.
687 3232 917 3296 adiecit
971 3232 1232 3314 insuper
1284 3228 1517 3292 Caesar
1562 3229 1753 3293 etiam
1804 3228 2259 3313 gladiatorium
2308 3248 2540 3290 munus
2551 3277 2569 3310 ,
2616 3227 2724 3291 sed
2764 3238 2793 3283 2

426 3340 757 3423 aliquanto
813 3338 1225 3421 paucioribus
1283 3359 1476 3418 quam
1532 3336 1966 3399 destinauerat
2020 3334 2310 3419 paribus3
2372 3355 2524 3397 nam
2579 3355 2725 3397 cum

425 3445 775 3529 multiplici
838 3445 1122 3528 undique
1196 3442 1441 3507 familia
1517 3446 1865 3525 conparata
1938 3441 2232 3505 inimicos
2297 3441 2724 3523 exterruisset,

427 3557 688 3618 cautum
735 3556 834 3615 est
881 3552 957 3615 de
993 3572 1259 3614 numero
1300 3548 1749 3634 gladiatorum,
1797 3571 1923 3632 quo
1961 3571 2042 3612 ne
2081 3549 2385 3611 maiorem
2427 3549 2724 3630 cuiquam

344 3680 400 3721 so
428 3660 664 3724 habere
709 3660 954 3723 Romae
1000 3658 1238 3722 liceret.

610 3766 964 3832 Conciliato
1019 3766 1245 3849 populi
1301 3765 1524 3828 fauore
1581 3764 1926 3846 temptauit
1985 3784 2098 3845 per
2143 3765 2410 3845 partem*
2439 3761 2725 3825 tribuno·
2747 3751 2829 3817 ll

427 3897 593 3958 rum,
637 3879 710 3938 ut
758 3874 881 3937 sibi
927 3873 1265 3958 Aegyptus
1313 3871 1650 3955 prouincia
1696 3870 1873 3955 plebi
1919 3871 2078 3934 scito
2128 3869 2408 3951 daretur,
2454 3872 2725 3933 nanctus

578 4143 605 4190 7
636 4138 917 4206 cogitarat
944 4136 1279 4204 T'L2P202,
1319 4136 1596 4205 cogitaret
1622 4136 1735 4202 rel„
1775 4133 2043 4203 cogitarit
2063 4134 2239 4187 Polak
2384 4137 2415 4185 8
2446 4130 2630 4184 abisse
2665 4131 2726 4200 Q,

430 4217 618 4271 adisse
655 4218 778 4271 HR
989 4222 1054 4269 10
1113 4217 1318 4270 eiceret
1364 4219 1430 4278 T,
1489 4214 1728 4268 reiceret
1766 4216 1962 4267 Burm.
2176 4219 2239 4266 12
2280 4212 2469 4267 Gnaeo
2508 4228 2608 4265 om.
2649 4211 2722 4264 X'

434 4303 499 4351 15
538 4297 880 4351 Lambranos
919 4298 1069 4367 παῖς.
1104 4304 1230 4365 post
1259 4297 1602 4360 Sabellieum,
1639 4293 1951 4346 Ambrones
1989 4294 2070 4347 ed.
2109 4294 2497 4347 Bonon.1488
2535 4293 2726 4361 (Bero-

430 4378 612 4443 alduS,
649 4377 963 4431 Ambronas
1004 4378 1060 4432 G.
1093 4378 1275 4430 Barth
1311 4377 1425 4445 aL),
1462 4375 1767 4428 Ambarros
1816 4375 2047 4439 Urlichs,
2084 4374 2363 4426 Aruernos
2405 4374 2726 4437 Mommsen,

430 4456 746 4525 Campanos
778 4456 1016 4527 Madviy
1164 4462 1226 4509 19
1266 4472 1556 4508 munerum
1589 4455 1826 4522 Gujetus
1969 4471 2074 4523 par
2093 4459 2150 4507 X
2159 4453 2231 4524 (2²
2376 4458 2442 4505 25
2474 4452 2725 4505 Caesaris

431 4553 531 4591 om.
575 4539 628 4592 V
655 4537 954 4605 (praecedit
986 4536 1225 4606 umicus)
1371 4543 1437 4590 32
1475 4535 1771 4605 plebissito
1822 4536 1884 4601 V,
1935 4534 2119 4603 plebis
2158 4535 2297 4587 scito
2340 4532 2517 4587 GLY
