3325 5209
585 350 668 413 82
1284 347 1340 403 C.
1383 346 1702 401 SVETONJ
1737 346 2184 412 TRANQVILLI

585 511 882 576 cohortes
928 512 998 575 in
1044 510 1206 576 urbe
1254 533 1390 576 esse
1434 533 1661 596 passus
1711 514 1808 574 est
1854 532 2086 594 easque
2133 510 2269 574 sine
2318 511 2561 594 castriS,
2609 510 2887 594 reliquas

532 665 537 670 -
584 619 655 683 in
699 618 970 683 hiberna
1017 623 1080 682 et
1126 619 1371 682 aestiua
1417 620 1585 682 circa
1629 618 1908 681 finitima
1946 618 2183 702 oppida
2221 617 2546 682 dimittere
2585 620 2887 681 assuerat.

512 741 542 787 2
589 725 899 810 quidquid
937 728 1152 789 autem
1191 726 1429 809 ubique
1465 725 1752 790 militum
1791 728 1975 809 esset,
2022 724 2101 788 ad
2139 729 2378 789 certam
2417 723 2885 808 stipendiorum

584 833 1146 917 praemiorumque
1191 831 1537 896 formulam
1577 831 1923 896 adstrinxit
1963 831 2243 895 definitis
2279 854 2398 916 pro
2437 830 2641 918 gradu
2680 830 2884 894 cuius-

582 961 707 1023 que
765 945 829 1003 et
884 938 1287 1023 temporibus
1347 938 1617 1002 militiae
1664 943 1729 1002 et
1784 938 2138 1002 commodis
2184 938 2592 1021 missionum,
2645 959 2726 1001 ne
2773 940 2885 1000 aut
2940 960 2965 1000 5

582 1050 791 1110 aetate
838 1050 949 1109 aut
996 1045 1215 1130 inopia
1258 1049 1409 1129 post
1452 1045 1826 1108 missionem
1874 1044 2208 1108 sollicitari
2247 1045 2326 1108 ad
2363 1067 2464 1109 res
2501 1066 2702 1108 nouas
2739 1065 2882 1128 pos-

582 1157 741 1218 sent.
825 1158 1024 1237 utque
1070 1157 1381 1237 perpetuo
1430 1172 1503 1215 ac
1549 1152 1687 1216 sine
1734 1150 2114 1216 difficultate
2161 1155 2457 1236 sumptus
2493 1152 2575 1214 ad
2612 1150 2884 1215 tuendos

580 1282 688 1323 eos
724 1259 1331 1344 prosequendosque
1379 1262 1763 1343 suppeteret,
1810 1258 2124 1322 aerarium
2170 1258 2450 1322 militare
2497 1279 2641 1321 cum
2689 1257 2883 1321 uecti-

578 1366 833 1452 galibus
879 1367 1065 1430 nouis
1114 1364 1464 1429 constituit.

508 1485 538 1532 3
755 1471 845 1537 Et
906 1495 1033 1556 quo
1095 1471 1362 1537 celerius
1423 1492 1496 1536 ac
1555 1471 1676 1535 sub
1733 1495 1991 1535 manum
2042 1472 2404 1536 adnuntiari
2455 1472 2882 1557 cognoscique
2912 1495 2964 1534 ιο

577 1583 824 1664 posset,
889 1579 1044 1663 quid
1100 1580 1168 1642 in
1227 1579 1564 1663 prouincia
1626 1600 1878 1662 quaque
1939 1583 2294 1664 gereretur,
2353 1578 2615 1643 iuuenes
2670 1578 2880 1662 primo

578 1686 848 1750 modicis
907 1685 1265 1750 interuallis
1318 1708 1435 1770 per
1492 1686 1796 1749 militaris
1850 1686 2017 1768 uiaS,
2064 1684 2294 1749 dehinc
2330 1683 2627 1749 uehicula
2674 1685 2883 1768 dispo-

580 1794 726 1855 suit.
810 1793 1209 1857 commodius
1255 1792 1322 1855 id
1358 1795 1572 1856 uisum
1615 1795 1741 1876 est,
1797 1796 1870 1855 ut
1918 1792 2028 1875 qui
2076 1816 2112 1855 a
2148 1793 2289 1856 loco
2343 1793 2511 1856 idem
2549 1793 2881 1876 perferunt

471 1893 563 1958 50
580 1900 857 1982 litteras,
906 1898 1287 1986 interrogari
1337 1921 1619 1983 quoque,
1670 1901 1723 1962 si
1772 1899 1927 1983 quid
1971 1922 2072 1963 res
2119 1900 2408 1985 exigant,
2465 1900 2731 1985 possint.
2814 1902 2881 1964 in

582 2006 1045 2090 diplomatibus
1090 2005 1456 2090 libellisque
1503 2010 1566 2070 et
1604 2006 1897 2090 epistulis
1935 2006 2260 2091 signandis
2302 2006 2487 2071 initio
2527 2007 2881 2092 sp<h>inge
2913 2026 2961 2066 15
3006 2069 3014 2076 ,

584 2135 737 2176 118118
803 2118 926 2195 est,
1000 2136 1152 2176 mox
1225 2113 1507 2198 imagine
1579 2113 1802 2198 Magni
1875 2112 2252 2195 Alexandri,
2322 2114 2676 2177 nouissime
2750 2137 2881 2197 sua,

585 2219 986 2283 Dioscuridis
1033 2241 1227 2283 manu
1275 2220 1545 2302 scalpta,
1601 2241 1729 2300 qua
1774 2220 2025 2302 signare
2082 2221 2355 2282 insecuti
2410 2242 2664 2303 quoque
2709 2222 2881 2304 prin-

586 2327 759 2410 cipes
824 2329 1330 2410 perseuerarunt.
1441 2326 1522 2389 ad
1597 2325 1908 2408 epistulas
1985 2324 2192 2388 omnis
2255 2324 2557 2390 horarum
2627 2347 2881 2410 quoque

582 2437 909 2496 momenta
962 2452 1079 2494 nec
1136 2431 1260 2494 diei
1316 2432 1507 2495 modo
1556 2431 1668 2494 sed
1724 2436 1787 2494 et
1832 2432 2067 2509 noctis,
2126 2432 2358 2514 quibus
2407 2421 2590 2496 datae
2637 2433 2878 2517 signifi-

580 2544 894 2621 carentur,
941 2537 1228 2601 addebat.
2907 2560 2958 2598 ρο

471 2637 557 2702 51
757 2642 1148 2708 Clementiae
1194 2644 1653 2728 ciuilitatisque
1692 2646 1828 2708 eius
1866 2646 2071 2708 multa
2110 2649 2173 2708 et
2218 2667 2452 2731 magna
2499 2646 2880 2711 documenta

577 2755 743 2815 sunt.
824 2772 907 2814 ne
954 2773 1338 2835 enumerem,
1386 2756 1546 2835 quot
1593 2756 1656 2816 et
1704 2775 1865 2835 quos
1913 2753 2309 2816 diuersarum
2359 2754 2643 2837 partium
2691 2755 2878 2818 uenia

577 2862 643 2921 et
707 2858 1150 2922 incolumitate
1216 2858 1486 2923 donatos
1543 2861 1897 2944 principem
1957 2861 2151 2923 etiam
2210 2861 2279 2924 in
2339 2860 2603 2924 ciuitate
2663 2861 2874 2925 locum

577 2968 793 3028 tenere
840 2987 1064 3047 passus
1110 2967 1225 3028 sit:
1273 2963 1533 3029 Iunium
1578 2965 1910 3030 Nouatum
1960 2971 2024 3031 et
2073 2964 2363 3030 Cassium
2410 2966 2794 3031 Patauinum
2842 2990 2876 3031 e

577 3072 762 3153 plebe
820 3071 1114 3135 homines
1176 3072 1447 3136 alterum
1509 3074 1808 3158 pecunia,
1868 3073 2142 3137 alterum
2201 3075 2328 3137 leui
2393 3074 2584 3137 exilio
2645 3075 2874 3156 punire
2905 3093 2955 3132 25

577 3179 732 3241 satis
779 3177 1033 3262 habuit,
1093 3202 1235 3244 cum
1294 3180 1404 3244 ille
1451 3179 1782 3267 Agrippae
1838 3181 2089 3245 iuuenis
2145 3182 2406 3245 nomine
2457 3182 2874 3265 asperrimam

576 3285 654 3348 de
702 3307 768 3349 se
817 3286 1159 3369 epistulam
1216 3286 1281 3350 in
1330 3286 1565 3371 uulgus
1623 3286 1941 3370 edidisset,
1988 3287 2095 3349 hic
2143 3286 2442 3351 conuiuio
2491 3289 2681 3371 pleno
2730 3311 2874 3372 pro-

578 3392 915 3454 clamasset
951 3414 1160 3476 neque
1196 3398 1422 3487 uotum
1465 3393 1587 3456 sibi
1627 3415 1834 3477 neque
1876 3395 2159 3456 animum
2202 3394 2418 3458 deesse
2465 3395 2872 3460 confodiendi

718 3626 780 3672 21
834 3621 1069 3688 Eutrop.
1114 3621 1233 3673 VII
1266 3629 1321 3687 S,
1350 3625 1383 3673 4
1442 3620 1771 3673 ciuilissime
1817 3621 1987 3686 uixit,
2044 3621 2102 3673 in
2152 3625 2379 3675 cunctos
2427 3622 2871 3691 liberalissimUS‚

575 3701 633 3751 in
672 3700 882 3753 amicos
920 3700 1225 3753 fidissimus
1265 3702 1353 3768 (cf.
1396 3702 1538 3770 Auy.
1571 3705 1656 3753 56.
1692 3704 1799 3768 66).

717 3919 747 3966 2
789 3916 846 3966 et
874 3932 973 3968 om.
999 3916 1049 3967 V
1168 3920 1196 3966 7
1230 3930 1297 3966 ac
1326 3930 1424 3967 om.
1450 3915 1500 3967 G
1623 3920 1653 3967 9
1686 3914 1935 3968 instituit
1956 3917 2126 3969 PTN
2230 3922 2296 3968 10
2336 3932 2506 3983 equos
2535 3918 2587 3970 V
2701 3935 2871 3970 manu

582 3996 668 4052 Τς
791 3999 855 4047 13
896 4010 930 4047 a
966 3993 1088 4047 1000
1127 3994 1279 4047 idem
1309 3996 1360 4045 ,Ω
1400 3997 1528 4061 (pro
1565 3994 1716 4047 idem
1755 4002 1831 4048 est
1867 3995 2062 4048 eodem
2091 3997 2181 4049 ael
2206 3996 2467 4065 idemque
2496 3999 2559 4050 in
2589 4015 2638 4064 ς,
2678 4015 2711 4051 a
2747 3998 2870 4051 loco

573 4082 623 4127 et
650 4074 825 4126 iidem
849 4081 972 4141 post
999 4073 1218 4127 litteras
1249 4076 1309 4126 in
1338 4076 1468 4128 aliis
1504 4081 1553 4127 et
1581 4077 1659 4127 sic
1679 4092 1818 4142 pars
1836 4075 1974 4140 edd„
2012 4075 2164 4129 idem
2191 4093 2292 4129 om.
2315 4077 2499 4146 Roth),
2530 4077 2789 4131 alicunde
2819 4079 2869 4130 ei

579 4155 809 4207 Casaub.
851 4156 988 4220 (sine
1026 4154 1077 4206 ei
1120 4155 1435 4222 Graevius),
1482 4170 1512 4207 e
1551 4154 1859 4224 longinquo
1899 4156 2028 4209 olim
2072 4156 2488 4223 O.Hirschfelcl,
2528 4175 2604 4211 aa
2642 4157 2872 4224 aliquo?

579 4238 643 4284 14
684 4232 875 4301 exigat
913 4234 1240 4301 Stephanus,
1279 4234 1588 4288 Salmasius
1772 4241 1834 4288 17
1876 4234 2096 4304 scalpta
2124 4237 2369 4304 Ernesti,
2408 4238 2628 4305 sculpta
2668 4242 2732 4306 (p
2770 4255 2869 4291 om.

587 4313 699 4366 VS)
722 4315 791 4376 Ω,
830 4313 898 4376 cf.
926 4313 1106 4368 Galba
1130 4320 1200 4367 10
1319 4320 1385 4366 22
1426 4317 1558 4367 sunt
1586 4332 1686 4368 om.
1720 4315 1772 4367 V
1883 4316 1975 4385 ne]
2008 4319 2066 4369 et
2093 4333 2162 4369 ne
2193 4322 2249 4369 X
2252 4316 2266 4334 '
2378 4334 2448 4370 ne
2489 4334 2726 4371 emerem
2759 4319 2833 4372 M
2838 4319 2872 4384 ¹,

573 4391 857 4443 nec*1nirfi
899 4395 944 4458 (r
974 4395 1035 4446 in
1071 4397 1203 4462 ras.)
1237 4393 1287 4447 G
1433 4395 1585 4460 quod
1624 4397 1681 4447 et
1719 4395 1994 4463 quosdam
2028 4397 2078 4449 G
2127 4398 2297 4464 (quod
2334 4399 2496 4452 etiam
2529 4399 2672 4464 MV,
2709 4400 2771 4450 in
2802 4400 2878 4451 M

573 4488 709 4524 corr.
742 4490 807 4524 m.
847 4474 916 4540 1),
955 4474 1094 4538 quot
1131 4475 1188 4525 et
1217 4490 1387 4541 quam
1410 4476 1586 4528 Polak
1732 4481 1797 4528 27
1837 4475 1929 4527 1110
1968 4493 2135 4545 usque
2172 4477 2576 4546 proclamasset
2614 4495 2712 4532 om.
2756 4480 2805 4531 V
