3325 5209
1276 425 1610 480 TIBERIVS
1649 438 1780 486 [cu.
1812 438 1987 488 21—24]
2641 426 2767 490 133

475 607 730 669 perasse
776 608 843 650 se
890 591 954 650 et
998 587 1403 654 redditurum
1450 613 1597 654 eum
1645 591 1895 654 senatui
1930 590 2242 653 rationem
2282 590 2629 674 respondit,
2675 590 2768 653 in·

477 692 716 757 uidiam
772 693 1016 758 scilicet
1071 696 1137 758 in
1191 698 1553 779 praesentia
1606 698 1836 761 uitans.
1919 719 2068 760 nam
2121 718 2274 760 mox
2329 696 2586 761 silentio
2632 719 2768 760 rem

476 799 865 865 obliterauit.
959 801 1096 865 iure
1152 806 1368 867 autem
1422 803 1807 867 tribuniciae
1865 805 2204 887 potestatis
2263 806 2484 867 coacto
2544 806 2765 867 senatu
2784 803 2872 870 23

475 906 899 990 incohataque
963 908 1369 974 adlocutione
1435 911 1777 994 derepente
1839 910 2022 973 uelut
2085 909 2293 994 impar
2357 909 2564 973 dolori
2618 931 2768 974 con-

421 1038 446 1077 s
475 1013 740 1097 gemuit,
786 1017 986 1098 utque
1031 1038 1164 1079 non
1211 1017 1420 1081 solum
1458 1039 1588 1081 uox
1626 1017 1739 1081 sed
1776 1021 1839 1080 et
1878 1016 2143 1100 spiritus
2183 1015 2478 1080 deficeret
2517 1016 2768 1099 optauit

475 1141 546 1182 ac
589 1120 1048 1206 perlegendum
1103 1122 1344 1187 librum
1392 1122 1604 1187 Druso
1661 1122 1800 1187 filio
1856 1121 2138 1186 tradidit.
2223 1120 2495 1185 inlatum
2542 1122 2768 1185 deinde

473 1225 756 1312 Augusti
801 1231 1276 1312 testamentum,
1321 1251 1451 1293 non
1489 1229 1785 1294 admissis
1824 1228 2263 1315 signatoribus
2299 1229 2424 1293 nisi
2462 1228 2769 1293 senatorii

474 1332 733 1418 ordinis,
781 1334 1007 1399 ceteris
1049 1339 1233 1400 extra
1270 1337 1506 1400 curiam
1549 1336 1734 1422 signa
1771 1335 2285 1421 agnoscentibus,
2321 1335 2618 1400 recitauit
2654 1357 2768 1419 per

472 1439 792 1505 libertum.
876 1442 1246 1506 testamenti
1283 1442 1542 1506 initium
1578 1442 1729 1506 fuit:
1779 1443 2139 1525 quoniam
2188 1446 2409 1506 atrox
2454 1442 2768 1506 fortuna

394 1544 741 1611 10Gaium
797 1551 870 1611 et
916 1547 1230 1613 Lucium
1290 1548 1511 1612 filios
1568 1548 1757 1611 mihi
1815 1549 2131 1634 eripuit,
2189 1548 2543 1614 Tiberius
2594 1547 2767 1613 an-

473 1675 592 1716 sar
639 1653 825 1717 mihi
873 1675 961 1717 ex
998 1659 1215 1738 parte
1256 1654 1572 1718 dimidia
1609 1658 1682 1718 et
1730 1659 2082 1720 sextante
2118 1655 2339 1719 heres
2386 1659 2571 1719 esto.
2638 1677 2766 1738 quo

473 1762 537 1822 et
595 1759 737 1843 ipso
799 1764 986 1825 aucta
1046 1762 1325 1844 suspicio
1386 1765 1484 1825 est
1541 1762 1945 1845 opinantium
2009 1782 2436 1826 successorem
2493 1762 2765 1827 ascitum

474 1887 618 1928 eum
664 1868 1045 1931 necessitate
1092 1868 1300 1953 magis
1346 1889 1540 1950 quam
1586 1867 1844 1954 iudicio,
1892 1869 2147 1951 quando
2194 1869 2286 1932 ita
2321 1869 2598 1952 praefari
2635 1891 2766 1933 non

474 1971 873 2037 abstinuerit.
1575 1976 1583 1991 '
2581 1966 2592 1971 -

392 2102 444 2143 15
649 2077 1118 2164 Principatum,
1187 2082 1482 2164 quamuis
1536 2103 1744 2165 neque
1801 2102 2112 2165 occupare
2167 2082 2504 2146 confestim
2559 2104 2765 2166 neque
2781 2081 2871 2148 ⁶24

471 2206 658 2270 agere
715 2185 1094 2270 dubitasset,
1158 2192 1222 2251 et
1279 2188 1555 2252 statione
1611 2188 1918 2271 militum,
1983 2188 2107 2252 hoc
2162 2193 2260 2253 est
2313 2190 2381 2253 ui
2438 2193 2502 2252 et
2557 2191 2767 2274 specie

472 2290 927 2356 dominationis
982 2298 1339 2379 assumpta,
1395 2295 1505 2358 diu
1551 2298 1768 2359 tamen
1813 2296 2163 2378 recusauit,
2208 2296 2766 2379 impudentissimo

470 2398 666 2462 mimo
704 2421 875 2464 nunc
911 2399 1314 2465 adhortantis
1352 2403 1594 2466 amicos
1624 2402 1960 2485 increpans
1988 2405 2064 2466 ut
2100 2402 2441 2487 ignaros,
2482 2406 2769 2485 quanta

469 2504 695 2568 belua
731 2510 933 2571 esset
970 2507 1408 2593 imperium,
1446 2528 1617 2571 nunc
1651 2512 2021 2592 precantem
2060 2512 2352 2573 senatum
2382 2512 2446 2572 et
2472 2530 2767 2591 procum-

391 2634 442 2673 20
469 2612 726 2676 bentem
782 2614 907 2678 sibi
963 2614 1045 2678 ad
1097 2636 1309 2700 genua
1365 2615 1687 2700 ambiguis
1742 2616 2064 2698 responsis
2121 2619 2183 2679 et
2239 2615 2470 2679 callida
2516 2621 2767 2680 cuncta-

470 2719 646 2783 tione
685 2719 1104 2804 suspendens,
1150 2725 1224 2784 ut
1263 2721 1519 2804 quidam
1559 2721 1940 2805 patientiam
1973 2726 2344 2805 rumperent
2372 2726 2564 2804 atque
2600 2744 2766 2786 unus

471 2825 540 2888 in
574 2826 861 2889 tumultu
897 2827 1350 2910 proclamaret:
1399 2831 1526 2891 aut
1573 2831 1751 2913 agat
1790 2833 1916 2892 aut
1954 2828 2303 2892 desistat!
2352 2829 2514 2893 alter
2552 2850 2767 2892 coram

470 2932 885 3015 exprobraret
931 2938 1194 3016 ceterOS,
1241 2934 1413 3017 quod
1460 2935 1736 3019 polliciti
1784 2935 1916 2998 sint
1960 2934 2140 2998 tarde
2184 2940 2525 3020 praestare,
2573 2936 2767 3018 se<d>

470 3039 700 3122 ipsum,
749 3039 922 3122 quod
958 3045 1239 3124 praestet
1284 3040 1466 3104 tarde
1502 3041 1814 3125 polliceri.
1888 3042 2148 3105 tandem
2186 3042 2369 3124 quasi
2406 3046 2664 3106 coactus
2703 3048 2767 3107 et
2804 3061 2834 3108 2

394 3165 445 3206 25
473 3166 744 3227 querens
791 3146 1089 3211 miseram
1140 3151 1203 3211 et
1250 3169 1586 3212 onerosam
1632 3149 1886 3233 iniungi
1924 3148 2047 3212 sibi
2086 3148 2481 3234 seruitutem,
2527 3150 2769 3233 recepit

469 3252 836 3339 imperium3
891 3275 1007 3318 nec
1062 3259 1277 3318 tamen
1332 3255 1545 3339 aliter,
1602 3276 1796 3337 quam
1850 3260 1923 3319 ut
1971 3255 2411 3340 depositurum
2459 3277 2525 3319 se
2573 3277 2765 3339 quan-

470 3357 677 3439 doque
725 3381 904 3444 spem
951 3361 1205 3424 faceret.
1290 3360 1494 3444 ipsius
1535 3362 1733 3424 uerba
1770 3367 1944 3426 sunt:
1993 3363 2165 3426 dum
2210 3364 2510 3426 ueniam
2558 3363 2645 3426 ad
2692 3362 2767 3426 id

614 3612 679 3658 15
696 3623 813 3673 sqq.
855 3607 1009 3674 Epit.
1030 3610 1086 3673 2,
1104 3613 1140 3660 6
1168 3607 1411 3675 denique
1440 3607 1692 3661 delatum
1712 3624 1747 3661 a
1765 3608 2021 3676 patribus
2040 3608 2439 3677 principatum,
2470 3607 2620 3676 quod
2639 3607 2764 3674 qui-

470 3684 596 3738 dem
626 3689 754 3739 astu
782 3685 1011 3753 fecerat,
1051 3686 1180 3741 ficte
1210 3687 1473 3755 abnuere,
1502 3688 1640 3755 quid
1670 3687 1881 3758 singuli
1910 3688 2162 3742 dicerent
2191 3687 2284 3740 uel
2314 3687 2589 3742 sentirent
2617 3690 2764 3741 atro·

470 3763 609 3818 citer
637 3765 948 3834 explorans,
980 3783 1124 3835 quae
1154 3784 1241 3821 res
1271 3767 1447 3821 bonos
1477 3784 1728 3836 quosque
1756 3767 2157 3837 pessumdedit.
2196 3768 2266 3835 cf.
2300 3769 2483 3824 Victor
2505 3768 2650 3822 Caes,
2663 3771 2761 3834 2,1

616 3992 647 4040 3
685 3985 811 4039 iura
843 3988 893 4041 G
1031 3987 1337 4042 tribunicia
1358 3992 1442 4043 'M
1581 3996 1616 4042 4
1656 3990 1981 4062 derepente]
2022 3989 2091 4043 de
2128 4006 2187 4043 re
2216 4009 2261 4044 P.
2297 3991 2347 4044 G
2484 3998 2516 4044 ὅ
2555 3990 2654 4043 sed
2684 3992 2764 4062 et]

471 4066 569 4119 sed
610 4069 705 4133 M,
752 4068 849 4120 sed
889 4071 954 4121 ut
995 4071 1088 4124 Τδ
1126 4070 1208 4138 (in
1243 4070 1341 4124 hoe
1377 4071 1505 4124 add.
1547 4069 1718 4123 etiam
1751 4077 1879 4137 post
1915 4069 2165 4139 spiritus)
2341 4076 2370 4123 9
2410 4072 2588 4140 atrox]
2632 4069 2786 4129 sini-‚

472 4150 590 4199 stra
630 4148 735 4216 HQ
779 4155 827 4202 et
859 4166 962 4217 pro
1000 4168 1053 4203 u.
1087 4151 1119 4203 l.
1152 4150 1207 4203 R
1383 4156 1442 4202 11
1484 4166 1550 4202 ex
1588 4154 1751 4219 parte
1788 4149 1928 4203 mihi
1970 4151 2019 4204 G
2192 4153 2351 4203 sexta
2391 4151 2651 4205 omacius
2689 4154 2763 4220 (u.

470 4229 613 4297 Auy.
646 4234 751 4281 101
782 4245 841 4295 p.
875 4234 999 4295 116,
1021 4232 1110 4297 17)
1288 4236 1352 4282 16
1384 4246 1589 4300 augere
1622 4231 1674 4285 G
1836 4233 1994 4298 prius
2031 4232 2090 4283 et
2116 4232 2216 4284 del.
2249 4232 2499 4301 Bentley,
2531 4233 2767 4302 Madviy

470 4313 536 4360 18
565 4306 735 4361 mimo
775 4310 823 4361 I.
839 4308 908 4363 F.
926 4309 1192 4374 Gronov„
1240 4308 1425 4363 animo
1465 4312 1517 4362 ,Ω
1689 4311 1954 4381 ignorans
1998 4311 2048 4364 G
2225 4316 2289 4364 19
2327 4310 2518 4364 bellua
2560 4314 2633 4366 M
2642 4313 2769 4366 V¹T

469 4392 536 4439 23
575 4388 674 4441 sed
704 4389 813 4458 HQ
850 4395 899 4443 et
929 4406 1035 4457 pro
1073 4407 1127 4442 u.
1160 4390 1191 4442 l.
1226 4390 1297 4455 R,
1344 4406 1403 4443 se
1441 4393 1499 4443 et
1540 4392 1601 4456 Ο,
1640 4394 1727 4443 set
1765 4391 1862 4456 ΡΞ,
1909 4407 1967 4444 se
2004 4392 2098 4444 rel.
2130 4393 2243 4459 (Ω),
2289 4391 2389 4444 del.
2424 4393 2653 4459 Lipsius
2689 4394 2761 4445 al.

466 4468 593 4533 fort.
624 4475 760 4522 reete
951 4476 1018 4522 24
1056 4467 1218 4523 tarde
1254 4471 1409 4538 pstet
1444 4469 1711 4538 pollicere
1752 4471 1803 4525 G
2001 4476 2066 4524 25
2104 4470 2309 4540 recipit
2347 4473 2456 4524 LP
2490 4472 2763 4540 (Bentley)

470 4553 534 4600 27
574 4548 677 4601 hec
707 4555 835 4616 post
872 4551 1004 4601 sunt
1041 4550 1169 4603 add.
1193 4549 1316 4608 Lsss
1355 4552 1546 4620 (παῖς.)
