3325 5209
1073 401 1293 455 DIVVS
1329 402 1712 456 AVGVSTVS
1751 414 1883 464 [car.
1912 416 2088 465 37—40]
2647 403 2730 468 75

432 568 720 647 spectare
784 564 973 629 ludos
1028 588 1063 628 e
1111 565 1627 649 quattuordecim
1692 589 1826 631 non
1884 566 2193 631 auderent
2254 570 2432 631 metu
2486 588 2730 651 poenae

432 668 793 755 theatraIiS,
848 672 1297 755 pronuntiauit
1349 695 1482 737 non
1539 674 1746 738 teneri
1802 694 1902 756 ea,
1958 672 2192 756 quibus
2248 674 2407 757 ipsis
2455 674 2733 757 parenti-

433 774 634 841 busue
681 782 978 861 equester
1022 800 1250 844 census
1294 801 1602 863 umquam
1645 780 1894 845 fuisset.

609 883 848 969 Populi
900 908 1233 952 recensum
1282 869 1547 951 uicatim
1595 886 1756 972 egit,
1811 908 1887 952 ac
1930 908 2012 950 ne
2057 886 2242 971 plebs
2285 886 2730 951 frumentatio·
2767 904 2798 953 2

380 1014 406 1055 5
431 1011 587 1054 num
636 1013 828 1056 causa
871 994 1272 1077 frequentius
1320 994 1399 1057 ab
1447 994 1727 1078 negotiis
1774 998 2179 1078 auocaretur,
2232 997 2334 1058 ter
2376 995 2447 1057 in
2489 1015 2728 1057 annum

434 1102 818 1181 quaternum
864 1122 1006 1164 men
1016 1100 1182 1164 sium
1229 1104 1504 1165 tesseras
1552 1101 1702 1166 dare
1758 1101 2132 1186 destinauit3
2188 1100 2300 1169 sed
2345 1100 2729 1164 desideranti

432 1205 960 1270 consuetudinem
1001 1211 1284 1271 ueterem
1324 1209 1641 1273 concessit
1678 1230 1917 1293 rursuS,
1964 1212 2037 1272 ut
2074 1208 2175 1272 sui
2213 1209 2520 1291 cuiusque
2558 1228 2732 1270 men-

435 1311 522 1374 sis
579 1313 912 1397 acciperet.
1003 1314 1414 1378 comitiorum
1474 1336 1731 1397 quoque
1787 1315 2131 1399 pristinum
2190 1316 2291 1379 ius
2345 1314 2602 1379 reduxit
2655 1333 2729 1376 ac

431 1417 780 1502 multiplici
824 1442 1033 1504 poena
1079 1421 1356 1485 coercito
1395 1421 1666 1504 ambitu,
1710 1420 2013 1487 Fabianis
2051 1425 2117 1485 et
2156 1419 2728 1505 Scapt<i>ensibus

356 1548 407 1588 ιο
434 1523 872 1609 tribu<li>bus
921 1528 1052 1591 suis
1101 1526 1200 1591 die
1249 1527 1689 1612 comitiorum,
1732 1550 1813 1591 ne
1861 1528 2016 1612 quid
2061 1550 2099 1591 a
2146 1549 2469 1611 quoquam
2518 1526 2727 1590 candi-

435 1629 584 1695 dato
633 1632 1082 1718 desiderarent,
1129 1633 1382 1717 singula
1427 1634 1606 1698 milia
1650 1656 1988 1698 nummum
2037 1658 2074 1697 a
2119 1655 2187 1698 se
2234 1634 2577 1698 diuidebat.

610 1737 834 1824 Magni
879 1744 1208 1823 praeterea
1253 1740 1629 1805 existimans
1677 1743 1995 1805 sincerum
2039 1745 2234 1825 atque
2270 1741 2347 1805 ab
2389 1741 2566 1805 omni
2602 1740 2729 1804 col·
2767 1757 2799 1805 3

432 1843 696 1910 luuione
756 1847 1079 1933 peregrini
1139 1868 1213 1911 ac
1273 1847 1524 1911 seruilis
1584 1848 1915 1932 sanguinis
1970 1848 2416 1932 incorruptum
2474 1869 2728 1912 seruare

431 1953 776 2037 populum,
851 1957 916 2018 et
979 1955 1274 2018 ciuitates
1328 1953 1650 2042 Romanas
1717 1955 2089 2037 parcissime
2145 1954 2318 2018 dedit
2382 1960 2447 2019 et
2510 1977 2728 2019 manu-

354 2079 407 2120 15
436 2059 735 2123 mittendi
781 2061 1043 2125 modum
1092 2061 1483 2126 terminauit.
1573 2060 1834 2124 Tiberio
1889 2082 2007 2144 pro
2056 2060 2289 2125 cliente
2337 2058 2575 2125 Graeco
2623 2083 2729 2144 pe-

432 2167 598 2230 tenti
633 2169 978 2253 rescripsit,
1023 2189 1157 2231 non
1203 2169 1389 2232 aliter
1434 2188 1502 2232 se
1550 2168 1866 2252 daturum,
1914 2189 2108 2250 quam
2156 2167 2210 2230 si
2255 2188 2556 2250 praesens
2603 2167 2729 2239 sibi

431 2275 878 2357 persuasisset,
941 2297 1131 2359 quam
1192 2276 1395 2339 iustas
1445 2274 1709 2359 petendi
1769 2296 1990 2340 causas
2035 2273 2327 2359 haberet3
2387 2277 2452 2338 et
2505 2274 2729 2337 Liuiae

431 2402 549 2463 pro
609 2381 886 2463 quodam
933 2382 1276 2445 tributario
1335 2379 1520 2445 Gallo
1577 2381 1835 2466 roganti
1890 2381 2218 2445 ciuitatem
2265 2382 2553 2467 negauit,
2610 2381 2728 2445 im-

432 2489 811 2552 munitatem
861 2488 1100 2573 optulit
1137 2489 1465 2552 affirmans
1501 2487 1755 2552 facilius
1804 2508 1869 2552 se
1906 2510 2247 2571 passurum
2283 2489 2440 2552 fisco
2481 2487 2728 2551 detrahi

350 2614 406 2658 2⁰
432 2594 699 2677 aliquid,
738 2618 931 2678 quam
970 2596 1251 2659 ciuitatis
1288 2593 1619 2659 Romanae
1654 2594 1910 2679 uulgari
1946 2594 2274 2659 honorem.
2341 2617 2560 2660 seruos
2595 2616 2727 2659 non
2764 2609 2800 2657 4

436 2705 773 2764 contentus
820 2702 1041 2764 multis
1100 2700 1590 2765 difficultatibus
1637 2723 1675 2762 a
1720 2699 2014 2765 libertate
2069 2706 2135 2765 et
2179 2704 2385 2766 multo
2434 2702 2726 2786 pluribus

435 2826 471 2866 a
518 2804 816 2870 libertate
872 2808 1041 2870 iusta
1094 2807 1473 2890 remouisse,
1529 2828 1677 2871 cum
1724 2810 1788 2870 et
1845 2807 1921 2872 de
1965 2830 2232 2872 numero
2280 2812 2346 2872 et
2392 2808 2470 2872 de
2516 2808 2730 2872 condi-

435 2911 616 2974 cione
656 2934 729 2976 ac
767 2913 1126 2977 differentia
1152 2934 1392 2998 eorum,
1433 2914 1547 2996 qui
1583 2914 2204 2998 manumitterentur,
2241 2915 2488 2979 curiose
2527 2917 2729 2981 cauis-

435 3021 557 3100 set,
613 3018 736 3082 hoc
786 3041 1047 3103 quoque
1103 3021 1360 3104 adiecit,
1414 3041 1495 3084 ne
1550 3021 1809 3084 uinctus
1863 3043 2175 3103 umquam
2231 3025 2521 3087 tortusue
2580 3025 2726 3106 quis

352 3145 407 3187 85
435 3123 568 3189 ullo
614 3125 933 3190 libertatis
979 3149 1209 3214 genere
1256 3127 1586 3192 ciuitatem
1633 3126 2110 3211 adipisceretur.

608 3232 828 3297 Etiam
873 3234 1170 3300 habitum
1226 3234 1664 3316 uestitumque
1716 3234 2059 3317 pristinum
2115 3235 2416 3300 reducere
2461 3236 2727 3320 studuit,
2766 3247 2798 3296 5

576 3452 642 3499 26
656 3464 775 3514 sqq.
816 3447 960 3517 Lyd.
990 3446 1056 3500 de
1083 3464 1223 3516 may.
1257 3450 1308 3511 1,
1329 3448 1402 3499 12
1439 3444 1572 3498 οὐδὲ
1610 3443 1718 3513 γὰρ
1750 3443 1877 3512 ἐξῆν
1907 3441 2200 3513 Ῥωμαίοις
2226 3446 2576 3517 βαρβαρικὴν
2604 3464 2727 3501 στο-

431 3526 533 3594 λὴν
569 3525 940 3595 περιθέσθαι’
981 3526 1079 3580 καὶ
1104 3535 1269 3580 τοῦτο
1296 3523 1619 3594 Τράγκυλος
1655 3523 1718 3578 ἐν
1753 3532 1871 3585 τοῖς
1904 3524 2035 3592 περὶ
2061 3525 2389 3594 Αὐγούστόυ
2426 3525 2727 3598 διαμέμνη-

433 3626 541 3660 ται.
618 3606 816 3661 ἰδόντα
855 3606 961 3675 γάρ
1000 3623 1139 3675 φησι
1174 3606 1273 3660 τὸν
1309 3604 1636 3673 Αὔγουστον
1676 3603 1737 3658 ἐν
1773 3608 1849 3677 τῷ
1880 3603 2234 3678 ἱπποδρομίᾳ)
2269 3606 2429 3668 τινὰς
2463 3617 2576 3663 τῶν
2595 3606 2728 3662 Ῥω-

432 3683 614 3755 μαίων
653 3687 745 3741 ἐπὶ
790 3687 853 3740 τὸ
900 3686 1247 3757 βαρβαρικὸν
1284 3682 1649 3753 ἐσταλμένους
1696 3684 2107 3754 ἀγανακτῆσαι,
2154 3686 2230 3748 ὡς
2266 3686 2326 3742 ἐν
2362 3688 2568 3756 ἀκαρεῖ
2598 3689 2729 3751 τοὺς

432 3765 938 3836 καταγνωσθέντας
955 3765 1347 3838 ἀποβαλόντας
1364 3765 1427 3819 τὸ
1448 3764 1736 3836 βάρβαρον
1755 3763 1917 3834 μόγις
1935 3764 2361 3834 ἐπιγνωσθῆναι
2378 3771 2453 3839 τῷ
2465 3766 2727 3836 Καίσαρι.

576 3952 606 3997 2
645 3945 944 3999 theatralis
975 3943 1206 4018 (legis)
1240 3946 1471 4000 Casaub.
1652 3949 1688 3996 4
1725 3957 2017 3995 recensum
2050 3945 2122 4009 Τ,
2168 3961 2210 3996 r.
2242 3945 2351 4013 (uel
2376 3963 2445 4012 3.,
2489 3948 2625 3999 roffi.
2648 3946 2726 4017 P)

435 4042 663 4079 censum
680 4027 755 4080 M
756 4026 867 4080 GX
871 4021 902 4092 ',
939 4027 1074 4078 roffi.
1104 4042 1396 4079 recensum
1415 4024 1494 4078 P'
1629 4029 1660 4076 5
1694 4022 1794 4093 ab}
1814 4037 1881 4075 ac
1899 4022 1972 4088 R,
2003 4037 2037 4074 a
2060 4022 2112 4075 Τ
2234 4028 2531 4079 uocaretur
2551 4028 2626 4079 M
2626 4026 2732 4080 GT

434 4112 465 4160 6
495 4109 830 4175 quaternum
853 4106 1061 4175 (quatt-
1084 4106 1158 4175 V)
1182 4104 1579 4175 GVL(P¹)S‹5‚
1617 4120 1816 4156 -nuum
1835 4104 1951 4168 Με,
1987 4102 2171 4155 -nium
2190 4103 2251 4172 Q,
2280 4121 2502 4158 -norum
2517 4106 2727 4176 ΠΕΡΙ,

435 4203 561 4241 -nas
589 4188 630 4242 1
754 4202 1049 4239 mensuum
1061 4187 1138 4240 M
1143 4205 1169 4240 ε
1197 4186 1343 4255 (fort.
1373 4186 1455 4239 ita
1471 4185 1634 4251 Suet„
1653 4184 1724 4249 ef.
1747 4185 1893 4254 Auy.
1909 4184 2019 4253 65),
2047 4199 2304 4237 mensum
2319 4184 2466 4239 Roth
2589 4192 2617 4239 7
2642 4187 2728 4240 sui

433 4267 672 4336 quisque
693 4266 995 4340 Egnatius,
1024 4284 1184 4321 suam
1203 4269 1354 4337 (suas
1375 4266 1627 4335 Bentley)
1647 4261 1919 4330 cuiusque
1937 4263 2133 4318 Duker
2276 4268 2307 4317 9
2340 4265 2728 4336 scaptensibus

433 4374 694 4428 tribubus
716 4377 787 4442 Ω,
824 4392 962 4432 corr.
978 4375 1289 4429 Beroaldus
1418 4378 1480 4426 11
1505 4388 1630 4426 asse
1648 4375 1709 4426 X
1721 4349 1867 4443 (fisse
1886 4371 1960 4440 L)
2083 4378 2147 4425 12
2178 4372 2251 4425 ab
2281 4389 2381 4429 om.
2407 4373 2460 4428 G
2579 4380 2645 4427 14
2674 4377 2731 4428 et

432 4470 532 4509 om.
560 4455 611 4510 G
757 4455 1052 4509 ciuitatem
1096 4455 1409 4507 Romanam
1446 4469 1479 4512 ς
1516 4458 1568 4507 et
1598 4453 1713 4519 fere
1750 4451 1872 4506 edd.
1912 4452 2004 4521 (cf.
2037 4452 2194 4508 Gazb.
2216 4456 2308 4522 14)
2453 4454 2613 4509 dedit
2649 4456 2728 4526 et]

434 4533 594 4589 dedit
633 4538 707 4591 M
720 4536 771 4591 G
786 4534 974 4592 VLP¹
