3325 5209
628 373 760 437 320
1331 372 1387 429 O.
1429 371 1743 428 SVETONI
1779 372 2226 440 TRANQVILLI

628 537 974 601 adiuuaret.
1059 535 1254 600 dabat
1301 537 1469 600 sicut
1509 534 1959 600 Saturnalibus
2006 538 2165 601 uiris
2212 536 2628 622 apophoreta,
2675 539 2766 602 ita
2811 561 2929 624 per

627 643 772 708 Kal.
801 642 988 708 Mart.
1017 644 1294 707 feminis.
1381 646 1445 707 et
1490 647 1706 707 tamen
1752 666 1833 707 ne
1880 644 1971 707 sic
2009 644 2267 727 quidem
2305 645 2577 728 pristina
2615 646 2929 730 cupidita-

558 767 590 814 2
628 751 713 815 tis
760 750 1025 814 infamia
1073 752 1293 815 caruit.
1377 749 1800 814 Alexandrini
1848 747 2280 834 Cybiosacten
2325 773 2471 815 eum
2519 773 2751 816 uocare
2788 775 2928 836 per-

627 862 1101 941 seuerauerunt,
1157 857 1539 945 cognomine
1597 857 1790 921 unius
1838 879 1872 920 e
1917 858 2178 943 regibus
2227 858 2359 922 suis
2406 860 2928 942 turpissimarum

629 963 932 1029 sordium.
1025 965 1135 1028 sed
1183 968 1247 1029 et
1294 966 1362 1028 in
1406 964 1630 1028 funere
1679 963 1891 1028 Fauor
1938 963 2353 1028 archimimus
2400 987 2741 1048 personam
2790 967 2925 1029 eius
2984 993 3015 1033 5

626 1072 838 1135 ferens
885 1072 1294 1153 imitansque,
1349 1074 1423 1134 ut
1470 1075 1565 1134 est
1614 1091 1774 1153 mos,
1820 1069 1991 1134 facta
2037 1091 2110 1133 ac
2157 1070 2328 1135 dicta
2376 1072 2529 1154 uiui,
2576 1072 2927 1159 interroga-

627 1177 713 1242 tis
768 1178 982 1261 palam
1037 1177 1591 1261 procuratoribus,
1648 1177 1874 1260 quanti
1930 1177 2124 1240 funus
2182 1180 2245 1240 et
2299 1199 2539 1261 pompa
2585 1183 2925 1263 constaret,

626 1288 700 1349 ut
759 1285 940 1348 audit
1000 1284 1445 1347 sestertium
1509 1285 1882 1365 centiens,
1948 1284 2358 1366 exclamauit,
2424 1288 2724 1349 centum
2775 1286 2924 1350 sibi

628 1393 992 1457 sestertia
1037 1392 1306 1454 darent
1352 1412 1433 1454 ac
1480 1412 1556 1454 se
1591 1391 1727 1454 nel
1774 1391 1849 1453 in
1895 1390 2230 1455 Tiberim
2280 1392 2737 1474 proicerent.

388 1496 402 1543 l
521 1492 610 1558 20
808 1497 1071 1562 Statura
1097 1498 1223 1561 fuit
1252 1497 1581 1581 quadrata,
1628 1498 1978 1581 compactis
2008 1499 2346 1581 firmisque
2376 1499 2699 1583 membris,
2735 1499 2925 1564 uultu
2956 1528 3014 1568 ιο

626 1606 832 1668 ueluti
879 1606 1171 1689 nitentis3
1238 1605 1314 1668 de
1363 1625 1489 1687 quo
1549 1604 1810 1688 quidam
1858 1604 2253 1669 urbanorum
2303 1626 2434 1668 non
2480 1605 2781 1689 infacete,
2846 1608 2924 1670 si-

627 1711 886 1795 quidem
941 1710 1214 1795 petenti,
1268 1715 1344 1774 ut
1390 1715 1454 1775 et
1501 1710 1567 1774 in
1614 1733 1681 1773 se
1727 1711 1973 1793 aliquid
2021 1710 2288 1776 diceret:
2354 1712 2623 1794 dicam,
2688 1713 2923 1797 inquit,

629 1840 790 1882 cum
827 1821 1171 1882 uentrem
1211 1839 1640 1882 exonerare
1679 1817 2019 1882 desieris.
2103 1818 2458 1882 ualitudine
2496 1821 2925 1903 prosperrima

625 1947 779 1989 usus
827 1924 940 2008 est,
988 1923 1284 2007 quamuis
1322 1923 1401 1987 ad
1439 1924 1744 1988 tuendam
1783 1945 1919 1986 eam
1959 1924 2126 1986 nihil
2163 1925 2442 2008 amplius
2481 1948 2673 2008 quam
2709 1927 2923 1991 fauces

625 2036 960 2115 ceteraque
1010 2030 1294 2110 membra
1340 2030 1601 2094 sibimet
1648 2030 1729 2093 ad
1764 2051 2100 2094 numerum
2141 2030 2208 2094 in
2246 2031 2696 2114 sphaeristerio
2737 2032 2924 2097 defri-
2954 2060 3011 2100 15

626 2141 796 2201 caret
840 2137 1245 2222 inediamque
1290 2137 1482 2200 unius
1529 2137 1656 2199 diei
1701 2157 1816 2219 per
1854 2137 2145 2220 singulos
2182 2160 2433 2202 menses
2470 2140 2923 2222 interponeret.

521 2236 610 2303 21
805 2243 1108 2309 Ordinem
1156 2245 1328 2307 uitae
1373 2242 1547 2307 hunc
1592 2243 1725 2305 fere
1772 2244 1995 2306 tenuit.
2080 2244 2149 2307 in
2195 2245 2562 2328 principatu
2608 2247 2922 2309 maturius

626 2374 876 2435 semper
936 2373 1010 2415 ac
1068 2351 1146 2413 de
1200 2354 1388 2414 nocte
1447 2349 1792 2434 uigilabat3
1858 2349 2004 2412 dein
2068 2350 2363 2432 perlectis
2424 2352 2719 2435 epistulis
2785 2353 2923 2416 offi-

626 2460 997 2541 ciorumque
1037 2458 1323 2533 omnium
1371 2457 1726 2539 breuiariiS,
1773 2457 2013 2520 amicos
2061 2456 2462 2541 admittebat,
2509 2480 2581 2522 ac
2627 2459 2781 2522 dum
2831 2482 2923 2524 sa-

622 2564 979 2647 lutabatur,
1036 2568 1100 2627 et
1155 2563 1466 2626 calciabat
1520 2564 1658 2646 ipse
1716 2585 1782 2626 se
1839 2567 1902 2626 et
1959 2563 2330 2648 amiciebat3
2390 2569 2665 2648 postque
2713 2566 2924 2629 decisa
2950 2594 3011 2634 πο

626 2692 1062 2755 quaecumque
1138 2670 1552 2733 obuenissent
1623 2671 1889 2754 negotia
1969 2671 2319 2755 gestationi
2384 2676 2447 2735 et
2509 2672 2656 2735 inde
2722 2673 2923 2754 quieti

623 2777 912 2860 uacabat,
969 2777 1320 2841 accubante
1367 2778 1584 2860 aliqua
1631 2778 2051 2860 pallacarum,
2109 2799 2268 2859 quas
2325 2779 2393 2841 in
2438 2779 2652 2842 locum
2703 2778 2922 2843 defun-

770 2941 796 2987 1
860 2936 1032 2990 Gloss.
1074 2936 1226 3005 Very.
1267 2934 1419 2988 Seru.
1459 2933 1538 2987 ed.
1573 2934 1775 3003 Hayen
1811 2935 1923 2987 III
1941 2937 1979 2987 2
2021 2951 2076 3001 p.
2117 2937 2225 2987 529
2274 2934 2622 3003 apophoreta
2670 2936 2919 2990 uascula.

624 3015 921 3069 Suetonius
958 3016 1019 3068 in
1046 3014 1095 3068 X
1127 3015 1196 3067 de
1224 3013 1327 3068 XII
1356 3012 1711 3067 Caesaribus:
1754 3013 1930 3067 dabat
1960 3013 2351 3067 Saturnalibus
2388 3015 2527 3067 uiris
2557 3015 2921 3083 apophoreta,

622 3097 706 3149 ita
751 3112 852 3164 per
889 3095 976 3149 Kl.
1005 3096 1240 3149 Martias
1287 3094 1529 3148 feminis.
1730 3099 1794 3147 17
1852 3095 2007 3162 Epz't.
2049 3099 2101 3159 9,
2132 3100 2200 3148 15
2247 3095 2571 3148 institutum
2616 3113 2750 3149 uero
2797 3096 2921 3149 uni-

621 3176 797 3231 forme
836 3176 987 3229 omni
1025 3175 1262 3244 imperio
1299 3175 1498 3228 tenuit.
1574 3173 1816 3242 uigilare
1856 3174 1924 3228 de
1962 3177 2127 3227 nocte
2172 3175 2526 3243 publicisque
2565 3175 2785 3228 actibus
2825 3177 2920 3229 ab·

623 3257 821 3310 solutis
861 3273 1018 3309 caros
1056 3255 1381 3320 admittere,
1430 3255 1563 3307 dum
1602 3255 1883 3307 salutatur
1929 3253 2312 3308 calceamenta
2350 3271 2571 3308 sumens
2610 3258 2667 3308 et
2703 3257 2923 3325 regium

619 3336 905 3390 uestitum.
981 3338 1111 3403 post
1156 3336 1345 3388 autem
1388 3334 1657 3405 negotiis,
1711 3351 2097 3402 quaecumque
2144 3335 2528 3401 aduenissent,
2580 3336 2792 3389 auditis
2831 3355 2919 3389 ex-

622 3416 797 3472 erceri
831 3416 1170 3479 uectatione,
1211 3415 1415 3467 deinde
1452 3415 1819 3481 requiescere,
1857 3416 2142 3482 postremo
2179 3415 2277 3467 ubi
2314 3415 2564 3480 lauisset,
2602 3416 2921 3471 remissiore

623 3496 809 3550 animo
836 3495 1159 3548 conuiuium
1183 3495 1434 3548 curabat.
1485 3495 1762 3549 Einhard.
1779 3499 1850 3549 21
1875 3512 2000 3547 cum
2022 3494 2355 3548 calciaretur
2374 3487 2433 3549 et
2451 3495 2788 3562 amiciretur,
2809 3512 2921 3549 non

621 3577 847 3629 tantum
893 3577 1101 3629 amicos
1150 3574 1514 3643 admittebat,
1561 3590 1758 3627 uerum
1805 3574 2005 3641 etiam,
2054 3575 2101 3627 si
2149 3591 2333 3628 comes
2372 3575 2576 3644 palatii
2621 3575 2782 3629 litem
2819 3575 2919 3629 ali-

621 3674 790 3723 quam
829 3672 949 3709 esse
989 3656 1224 3722 diceret,
1282 3671 1426 3722 quae
1465 3655 1585 3708 sine
1624 3655 1745 3708 eius
1792 3654 1947 3707 iussu
1995 3654 2215 3708 definiri
2260 3672 2372 3708 non
2418 3658 2634 3723 posset,
2676 3698 2687 3709 .
2721 3699 2731 3709 .
2766 3700 2776 3710 .
2816 3655 2923 3709 lite

622 3736 849 3806 cognita
889 3735 1226 3789 sententiam
1266 3734 1425 3789 dixit.

765 3885 796 3932 2
844 3894 946 3931 nec
993 3877 1041 3931 si
1082 3880 1178 3943 M,
1233 3894 1335 3930 nec
1374 3877 1454 3930 sic
1492 3877 1588 3932 ST
1764 3876 2005 3945 pristina
2048 3878 2160 3942 Ge,
2216 3877 2457 3946 pistrina
2497 3879 2589 3943 M,
2646 3877 2921 3944 pristinae

621 3962 728 4029 (uel
766 3961 880 4027 —ne)
921 3961 1027 4011 XT
1062 3958 1257 4028 (παῖς.)
1490 3962 1522 4010 3
1561 3956 1933 4025 Cybiosacten
1978 3959 2130 4011 Torr.
2171 3975 2197 4011 e
2234 3958 2515 4022 Strabone,
2556 3956 2919 4024 cybiotanten

619 4039 815 4109 (cibio-
853 4039 919 4106 S)
961 4037 1288 4103 MGL¹PS‚
1330 4038 1654 4106 cybiotante
1697 4037 1892 4107 (cibio-
1939 4039 1997 4103 Τ,
2048 4038 2198 4091 cibo·
2235 4038 2363 4108 HQ)
2409 4036 2592 4091 YL²T
2733 4043 2765 4089 4
2805 4037 2922 4092 suis

619 4137 719 4175 om.
753 4120 804 4173 G
933 4125 963 4171 5
995 4117 1126 4171 fauo
1164 4121 1211 4171 Τ
1336 4123 1364 4169 6
1403 4118 1684 4185 iontansq:
1718 4120 1804 4183 M,
1842 4119 1971 4171 inde
1997 4117 2251 4170 ioculans
2280 4118 2368 4170 uel
2394 4116 2585 4170 iocans
2615 4117 2850 4187 Bentley

618 4217 738 4253 mos
778 4202 864 4253 est
896 4200 1006 4254 GP
1170 4197 1280 4250 uiri
1317 4201 1365 4250 Τ
1532 4203 1563 4250 8
1603 4197 1787 4251 audiit
1820 4198 1926 4251 GT
2092 4197 2350 4251 sestertio
2384 4199 2431 4250 I.
2455 4197 2523 4250 F.
2551 4197 2810 4264 Gronov„
2848 4199 2916 4264 cf.

617 4282 726 4334 Iul.
759 4285 832 4334 50
858 4297 917 4348 p.
949 4283 1132 4346 26,24
1296 4283 1358 4330 11
1399 4277 1595 4331 nitidis
1634 4276 1858 4347 (H¹.9)Q
2019 4278 2088 4330 de
2125 4278 2259 4348 quo]
2295 4277 2445 4331 unde
2482 4278 2543 4329 H
2577 4274 2663 4346 (ar
2701 4277 2771 4331 de
2809 4294 2919 4346 quo

616 4376 685 4414 88.
715 4377 782 4413 m.
813 4363 887 4429 2),
934 4359 1004 4412 de
1047 4359 1092 4427 Q
1234 4357 1599 4411 urbaniorum
1641 4359 1770 4412 MR
1808 4359 2080 4426 (Bentley,
2126 4358 2195 4423 cf.
2236 4359 2470 4425 120120)
2617 4356 2669 4408 ei
2705 4373 2807 4424 pro
2847 4356 2920 4411 si-

619 4437 847 4506 quidem
876 4439 1071 4492 Burm.
1185 4444 1250 4490 14
1279 4437 1423 4490 nihil
1451 4454 1551 4492 om.
1586 4438 1637 4491 G
1748 4443 1811 4491 17
1842 4453 1973 4490 uere
2007 4437 2057 4491 G
2169 4443 2234 4490 18
2274 4436 2586 4506 euigilabat
2618 4436 2921 4503 &aevia-9,-

618 4520 687 4585 οἵ.
726 4520 900 4571 testim
946 4535 1138 4585 supra,
1175 4520 1321 4589 Auy.
1357 4522 1426 4571 78
1466 4518 1661 4572 Claud.
1690 4522 1761 4571 33
1910 4523 1974 4570 19
2015 4516 2293 4572 salutatur
2330 4519 2477 4573 Roth
2513 4534 2578 4571 ex
2606 4517 2763 4586 Epit.
