3325 5209
1205 410 1658 466 DOMITIANVS
1699 423 1830 472 [cip.
1862 427 1898 466 1.
1927 423 1967 472 ε]
2609 413 2741 478 335

440 596 617 637 mum
677 596 1056 660 progressus
1114 579 1180 638 et
1240 573 1470 639 Caesar
1532 574 1971 640 consalutatus
2032 575 2343 640 honorem
2402 581 2740 660 praeturae

441 679 724 745 urbanae
770 682 1093 746 consulari
1140 685 1457 764 potestate
1514 683 1798 766 suscepit
1853 682 2047 749 titulo
2103 687 2319 767 tenus,
2373 705 2523 747 nam
2578 685 2739 749 iuris

444 786 786 852 dictionem
839 788 919 851 ad
965 787 1279 873 collegam
1321 789 1688 872 proximum
1734 789 2096 866 transtulit,
2153 792 2438 854 ceterum
2485 811 2740 855 omnem

443 895 580 958 uim
641 895 1099 960 dominationis
1154 900 1289 961 tam
1342 896 1609 960 licenter
1664 896 1977 980 exercuit,
2034 898 2107 961 ut
2164 898 2292 959 iam
2346 900 2485 960 tum
2535 896 2742 980 qualis

391 1029 415 1069 5
442 1002 700 1066 futurus
764 1007 930 1066 esset
995 1003 1374 1067 ostenderet.
1483 1025 1564 1068 ne
1629 1025 1910 1086 exequar
1973 1003 2255 1087 sing-ula,
2329 1005 2741 1068 contractatis

445 1110 795 1173 multorum
850 1108 1163 1172 uxoribus
1221 1109 1576 1173 Domitiam
1621 1110 1986 1195 Longinam
2019 1108 2231 1198 ¹Aelio
2278 1108 2539 1173 Lamiae
2584 1133 2740 1194 nup·

445 1220 578 1280 tam
643 1217 838 1281 etiam
903 1215 972 1280 in
1031 1216 1511 1280 matrimonium
1567 1217 1863 1300 abduxit,
1936 1221 2126 1300 atque
2192 1239 2320 1281 uno
2389 1217 2489 1281 die
2552 1238 2745 1300 super

445 1322 567 1388 XX
615 1323 829 1388 officia
875 1324 1121 1388 urbana
1167 1327 1277 1388 aut
1313 1324 1658 1409 peregrina
1694 1324 2042 1406 distribuit,
2087 1324 2351 1388 mirari
2389 1347 2465 1389 se
2502 1322 2744 1407 Vespa-

446 1431 626 1496 siano
669 1431 1023 1514 dictitante,
1077 1430 1275 1514 quod
1321 1453 1839 1497 successorem
1871 1453 2031 1513 non
2073 1435 2147 1496 et
2188 1432 2338 1495 sibi
2379 1431 2742 1495 mitteret.

368 1564 420 1605 ιο
445 1539 916 1623 expeditionem
958 1560 1213 1622 quoque
1250 1538 1319 1601 in
1359 1536 1633 1602 Galliam
1675 1535 2174 1621 Germaniasque
2211 1560 2416 1622 neque
2462 1559 2745 1602 necessa·
2774 1540 2817 1604 2

445 1646 607 1709 riam
656 1649 720 1708 et
767 1645 1280 1709 dissuadentibus
1341 1633 1627 1728 paternis
1676 1646 1898 1710 amicis
1955 1645 2312 1728 incohauit,
2371 1648 2625 1709 tantum
2672 1648 2745 1709 ut

445 1751 633 1815 fratri
681 1773 747 1815 se
793 1755 858 1815 et
903 1751 1137 1834 opibus
1184 1755 1247 1815 et
1294 1752 1666 1838 dignatione
1714 1753 2115 1835 adaequaret.

629 1857 726 1921 Ob
782 1857 939 1921 haec
995 1862 1355 1942 correptus,
1412 1882 1539 1943 quo
1596 1861 1801 1944 magis
1857 1864 1921 1923 et
1967 1860 2194 1923 aetatis
2241 1864 2306 1922 et
2351 1859 2744 1923 condicionis

448 1964 913 2046 admoneretur,
960 1963 1298 2029 habitabat
1348 1987 1493 2030 cum
1540 1968 1722 2049 patre
1769 1988 1896 2030 una
1944 1966 2296 2049 sellamque
2335 1966 2472 2030 eius
2510 1986 2583 2030 ac
2619 1966 2745 2029 fra·

371 2097 422 2138 15
449 2072 593 2147 tris,
668 2071 965 2154 quotiens
1029 2072 1383 2156 prodirent,
1454 2074 1683 2136 lectica
1759 2075 2147 2155 sequebatur
2211 2096 2284 2138 ac
2346 2071 2743 2154 triumphum

450 2179 788 2261 utriusque
834 2176 1166 2242 Iudaicum
1213 2201 1377 2262 equo
1418 2180 1563 2243 albo
1604 2181 1949 2244 comitatus
1989 2184 2099 2242 est.
2185 2180 2384 2263 qui<n
2420 2182 2485 2243 et
2522 2178 2599 2260 e>
2635 2199 2747 2241 sex

450 2284 888 2350 consulatibus
925 2308 1057 2350 non
1093 2286 1220 2349 nisi
1258 2309 1455 2350 unum
1495 2287 1888 2351 ordinarium
1928 2288 2127 2371 gessit
2175 2307 2449 2369 eumque
2487 2284 2747 2349 cedente

450 2414 526 2456 ac
580 2393 974 2479 suffragante
1028 2394 1242 2457 fratre.
1345 2393 1675 2457 simulauit
1730 2398 1794 2457 et
1838 2394 1976 2477 ipse
2032 2393 2191 2457 mire
2240 2391 2625 2456 ‘modestiam
2679 2392 2748 2455 in
2785 2411 2818 2458 2

449 2502 803 2584 primisque
860 2500 1147 2585 poeticae
1205 2501 1519 2584 studium,
1579 2505 1713 2565 tam
1773 2501 2096 2564 insuetum
2145 2503 2331 2563 antea
2377 2498 2504 2562 sibi
2553 2520 2746 2581 quam

372 2632 424 2670 20
452 2609 676 2689 postea
723 2611 1010 2691 spretum
1059 2612 1122 2671 et
1168 2608 1508 2692 abiectum,
1555 2607 1978 2691 recitauitque
2027 2607 2220 2670 etiam
2268 2605 2540 2690 publice.
2633 2626 2750 2669 nec

450 2716 669 2777 tamen
713 2736 788 2777 eo
838 2715 1062 2797 setius,
1120 2736 1267 2778 cum
1313 2713 1718 2799 Vologaesus
1767 2712 2152 2777 Parthorum
2200 2735 2313 2776 rex
2359 2713 2599 2776 auxilia
2646 2711 2750 2776 ad-

451 2827 676 2885 uersus
722 2819 966 2885 Alanos
1015 2821 1369 2904 ducemque
1416 2822 1691 2885 alterum
1738 2842 1814 2884 ex
1861 2819 2245 2904 Vespasiani
2290 2819 2510 2884 liberis
2559 2820 2749 2903 depo-

452 2927 785 3012 poscisset,
833 2928 1007 2991 omni
1058 2949 1178 3012 ope
1227 2927 1558 2991 contendit
1604 2929 1679 2990 ut
1725 2927 1862 3009 ipse
1909 2926 2322 3009 potissimum
2358 2927 2750 3011 mitteretur3

453 3040 518 3099 et
575 3034 727 3119 quia
773 3034 1056 3099 discussa
1102 3057 1202 3098 res
1249 3038 1372 3116 est,
1428 3034 1590 3098 alios
1638 3031 1919 3097 Orientis
1966 3054 2149 3118 reges
2195 3037 2269 3096 ut
2314 3034 2483 3097 idem
2531 3037 2748 3116 postu-

373 3164 426 3204 25
451 3142 661 3207 larent
706 3141 894 3206 donis
941 3163 1015 3205 ac
1059 3139 1639 3224 pollicitationibus
1689 3139 2038 3204 sollicitare
2086 3141 2445 3223 temptauit.

632 3248 823 3312 Patre
869 3247 1172 3313 defuncto
1212 3247 1321 3311 diu
1359 3250 1698 3311 cunctatus
1739 3269 1817 3310 an
1850 3245 2120 3329 duplum
2150 3246 2526 3312 donatiuum
2556 3246 2749 3310 militi
2790 3265 2822 3312 3

455 3356 730 3438 offerret,
767 3375 1120 3436 numquam
1148 3355 1384 3418 iactare
1414 3353 1740 3417 dubitauit
1777 3351 2139 3417 relictum
2179 3374 2255 3417 se
2291 3355 2752 3437 participem

454 3461 789 3546 imperii,
827 3460 955 3525 sed
992 3459 1335 3524 fraudem
1374 3462 1840 3523 testamento
1880 3458 2331 3543 adhibitam3
2378 3482 2585 3543 neque
2623 3482 2753 3524 ces-

456 3571 624 3634 sauit
660 3591 739 3633 ex
767 3589 842 3633 eo
881 3567 1146 3632 insidias
1177 3571 1420 3632 struere
1455 3567 1644 3631 fratri
1682 3566 1846 3630 clam
1885 3566 2330 3651 palam<que>,
2368 3568 2581 3652 quoad
2621 3588 2753 3631 cor-

599 3787 630 3834 2
668 3797 799 3834 cum
826 3787 954 3849 post
988 3778 1238 3832 urbanae
1277 3779 1403 3833 add.
1442 3781 1491 3831 'I'
1666 3794 1799 3831 nam
1836 3779 1884 3830 I.
1919 3778 2176 3844 Gronov„
2218 3795 2386 3845 quam
2423 3780 2492 3842 Ω,
2531 3778 2666 3845 quia
2704 3795 2752 3845 ς,

456 3861 720 3930 quoniam
764 3861 901 3916 Oud.
950 3860 1041 3929 (cf.
1074 3876 1132 3928 p.
1164 3863 1289 3926 347,
1306 3863 1365 3929 2)
1567 3864 1597 3911 5
1645 3874 1718 3912 116
1757 3858 1888 3927 HQ,
1944 3873 2047 3911 nec
2092 3860 2184 3912 rel.
2391 3856 2752 3912 contrectatis

455 3941 608 3996 codd.
640 3949 861 4011 praeter
891 3944 967 3996 Μ
1143 3946 1209 3994 10
1246 3956 1421 4007 quoq:
1474 3954 1545 3992 ne
1581 3937 1641 3990 in
1675 3939 1781 3991 Μὸ
1818 3940 1909 4008 (116
1940 3940 2178 4007 pertinet
2215 3939 2291 3992 ad
2327 3938 2644 4004 cessariam,
2682 3938 2750 4004 ef.

456 4022 646 4076 Herm.
677 4026 748 4076 36
774 4040 826 4090 p.
855 4024 987 4091 293)
1140 4019 1315 4090 gallia
1346 4022 1433 4086 M,
1461 4018 1667 4089 gallias
1696 4021 1734 4073 δ
1875 4035 2010 4087 neq:
2050 4018 2349 4073 cessariam
2379 4021 2455 4074 M
2481 4021 2556 4088 (u.
2586 4019 2753 4087 ante),

454 4101 862 4155 neccessariam
890 4104 1012 4171 (om.
1040 4103 1243 4170 neque)
1273 4101 1309 4152 ὃ
1419 4105 1484 4152 12
1524 4098 1788 4168 operibus
1820 4098 1936 4159 11²3
1964 4101 2155 4170 (παῖς.)
2280 4101 2337 4152 et
2370 4098 2651 4168 dignitate
2684 4098 2754 4165 G,

453 4181 847 4252 indignatione
878 4182 930 4235 L
1076 4186 1142 4233 14
1177 4196 1352 4233 unam
1386 4182 1461 4233 M
1462 4180 1545 4234 Τδ
1691 4185 1756 4232 16
1796 4178 1979 4251 qui<n
2015 4181 2073 4233 et
2108 4179 2181 4252 e>
2221 4195 2317 4233 sex
2352 4179 2549 4248 scripsi
2593 4178 2754 4247 (quin

456 4279 523 4316 ex
564 4262 826 4331 Bentley,
871 4260 940 4327 cf.
980 4262 1170 4315 Herm.
1198 4264 1272 4314 40
1292 4277 1353 4328 p.
1384 4258 1538 4329 190),
1577 4261 1703 4328 quis
1751 4275 1820 4313 ex
1851 4259 1995 4325 MR,
2033 4260 2130 4328 qui
2169 4276 2266 4313 sex
2308 4259 2521 4325 GLPs,
2558 4259 2619 4311 in
2657 4274 2754 4312 sex

2415 4343 2442 4370 8

456 4387 711 4458 HQSOT
742 4388 935 4457 (wuly.)
1082 4390 1150 4439 20
1188 4384 1362 4439 etiam
1397 4402 1497 4440 om.
1534 4384 1586 4439 G
1730 4390 1796 4438 21
1827 4384 2126 4453 uologesus
2161 4388 2224 4447 Τ,
2263 4384 2552 4454 uologisus
2591 4385 2647 4452 (a
2683 4400 2751 4437 ss.

455 4486 522 4523 m.
551 4471 609 4538 2)
639 4467 684 4524 S
824 4471 890 4519 29
928 4466 1204 4520 instruere
1235 4468 1309 4520 M
1314 4467 1394 4520 Τὸ
1535 4465 1838 4534 palamque
1872 4465 1953 4524 Τς
1992 4465 2081 4533 (ef.
2112 4466 2220 4519 Iul.
2246 4469 2337 4531 80,
2360 4467 2429 4534 1),
2469 4466 2526 4517 et
2561 4462 2754 4532 palam

453 4550 534 4617 L,
578 4550 771 4619 palam
807 4549 901 4604 rel.
