3325 5209
1107 370 1327 424 DIVVS
1367 370 1724 425 CLAVDIVS
1764 383 1893 431 [eff.
1925 383 2074 431 5—10]
2595 370 2726 435 205

425 558 566 599 rum
614 534 866 598 ossibus
915 535 1381 613 incessebatur,
1438 535 1760 599 interdum
1806 534 2010 599 ferula
2055 535 2341 620 flagroue
2388 533 2567 598 uelut
2612 556 2730 617 per

424 641 648 706 ludum
699 640 1104 705 excitabatur
1150 663 1187 704 a
1235 642 1500 725 copreiS.
1588 641 1881 705 solebant
1937 645 2001 704 et
2054 640 2352 704 manibus
2400 642 2727 706 stertentis

427 749 601 814 socci
655 748 901 826 induci,
967 752 1040 812 ut
1102 752 1364 832 repente
1432 749 1917 834 expergefactus
1981 748 2209 812 faciem
2277 746 2534 812 sibimet
2582 769 2726 812 con-

428 856 706 919 fricaret.

375 987 397 1024 5
608 961 729 1026 Sed
782 984 862 1026 ne
927 962 1404 1026 discriminibus
1471 962 1725 1045 quidem
1791 962 2009 1024 caruit.
2102 962 2383 1044 primum
2449 961 2517 1024 in
2581 963 2723 1045 ipso
2755 962 2799 1025 9

429 1069 794 1151 consulatu,
860 1068 1032 1152 quod
1092 1067 1371 1133 Neronis
1434 1073 1499 1133 et
1552 1067 1752 1131 Drusi
1807 1069 2081 1131 fratrum
2139 1066 2427 1131 Caesaris
2486 1072 2730 1131 statuas

431 1176 691 1260 segnius
746 1176 1047 1240 locandas
1111 1177 1567 1260 ponendasque
1629 1178 1934 1257 curasset,
1994 1196 2195 1259 paene
2254 1173 2498 1238 honore
2561 1197 2731 1241 sum-

429 1287 644 1346 motus
701 1286 824 1367 est3
890 1283 1116 1347 deinde
1176 1287 1478 1347 extraneo
1534 1284 1640 1346 uel
1696 1282 1891 1345 etiam
1953 1281 2452 1346 domesticorum
2513 1281 2729 1364 aliquo

432 1390 752 1453 deferente
816 1390 1067 1453 assidue
1141 1390 1447 1473 uarieque
1521 1389 1933 1472 inquietatus.
2051 1409 2196 1451 cum
2262 1409 2416 1452 uero
2482 1388 2732 1452 detecta

353 1520 404 1559 10
433 1499 601 1559 esset
646 1495 874 1579 Lepidi
940 1500 1004 1558 et
1072 1494 1388 1560 Gaetulici
1454 1495 1811 1559 coniuratio
1822 1547 1839 1580 ,
1904 1495 2140 1559 missus
2195 1496 2262 1559 in
2321 1494 2729 1559 Germaniam

434 1605 602 1666 inter
665 1603 915 1688 legatos
983 1603 1062 1666 ad
1130 1602 1580 1687 gratulandum
1649 1603 1844 1666 etiam
1908 1603 2081 1666 uitae
2146 1603 2499 1686 periculum
2557 1602 2733 1685 adiit,

434 1709 811 1794 indignante
858 1730 932 1773 ac
977 1708 1287 1772 fremente
1327 1707 1487 1772 Gaio
1535 1712 1839 1792 patruum
1886 1709 2298 1792 potissimum
2345 1708 2425 1772 ad
2472 1731 2539 1772 se
2585 1709 2733 1772 mis-

435 1837 578 1879 sum
628 1816 811 1898 quasi
857 1815 937 1877 ad
983 1837 1254 1898 puerum
1299 1815 1679 1899 regendum,
1725 1815 1885 1879 adeo
1932 1819 2007 1879 ut
2051 1837 2182 1878 non
2229 1815 2573 1898 defuerint,
2621 1817 2733 1898 qui

434 1922 761 1986 traderent
806 1922 1299 2006 praecipitatum
1351 1943 1607 2005 quoque
1654 1923 1724 1984 in
1764 1921 2021 2002 flumen,
2070 1924 2162 1986 sic
2200 1926 2272 1985 ut
2310 1923 2583 1987 uestitus
2631 1922 2735 1986 ad-

356 2050 407 2090 15
437 2032 716 2093 uenerat.
809 2032 1003 2111 atque
1059 2051 1135 2091 ex
1204 2050 1279 2093 eo
1335 2051 1690 2112 numquam
1745 2049 1876 2091 non
1932 2027 1997 2090 in
2064 2032 2289 2091 senatu
2343 2029 2735 2093 nouissimus
2776 2046 2806 2092 2

438 2135 870 2199 consularium
935 2135 1317 2199 sententiam
1379 2135 1569 2217 dixit,
1628 2133 2022 2219 ignominiae
2079 2155 2269 2199 causa
2323 2140 2471 2218 post
2527 2136 2735 2198 omnis

437 2243 886 2326 interrogatus,
972 2241 1162 2304 etiam
1221 2240 1507 2327 cognitio
1564 2242 1711 2304 falsi
1760 2242 2130 2305 testamenti
2186 2246 2444 2325 recepta
2489 2245 2615 2325 est,
2670 2242 2739 2305 in

439 2369 566 2432 quo
615 2352 681 2412 et
725 2349 862 2431 ipse
910 2348 1294 2433 signauerat.
1370 2350 1699 2431 postremo
1749 2349 2115 2412 sestertium
2165 2349 2450 2434 octogies
2487 2370 2606 2432 pro
2645 2350 2737 2412 in-

437 2456 638 2519 troitu
685 2455 840 2519 noui
888 2454 1231 2519 sacerdotii
1276 2458 1534 2518 coactus
1573 2455 1957 2538 impendere,
2006 2456 2087 2519 ad
2125 2476 2230 2519 eas
2268 2456 2361 2518 rei
2398 2455 2737 2519 familiaris

358 2583 410 2622 20
439 2561 766 2646 angustias
832 2562 1091 2645 decidit,
1155 2566 1228 2625 ut
1287 2584 1433 2626 cum
1495 2561 1847 2646 obligatam
1911 2562 2154 2626 aerario
2215 2562 2406 2626 fidem
2465 2561 2738 2627 liberare

440 2689 570 2732 non
624 2673 868 2751 posset,
929 2668 994 2731 in
1053 2688 1329 2731 uacuum
1383 2669 1527 2752 lege
1585 2668 2016 2751 praediatoria
2069 2667 2316 2732 uenalis
2363 2670 2741 2752 pependerit

442 2775 560 2839 sub
618 2775 826 2839 edicto
873 2774 1359 2857 praefectorum.
1456 2773 1581 2837 Per
1624 2774 1784 2845 haec
1839 2796 1914 2837 ac
1968 2774 2123 2838 talia
2177 2774 2458 2839 maxima
2512 2776 2740 2840 aetatis
2762 2770 2849 2836 10

441 2885 623 2964 parte
688 2883 1009 2943 transacta
1074 2880 1608 2965 quinquagesimo
1675 2902 1842 2944 anno
1910 2880 2250 2965 imperium
2317 2883 2490 2966 cepit
2546 2905 2738 2967 quan-

442 2987 687 3051 tumuis
734 2986 1018 3051 mirabili
1066 3008 1232 3052 casu.
1316 2988 1609 3052 exclusus
1649 2987 1817 3052 inter
1854 2993 2100 3053 ceteros
2139 2990 2219 3052 ab
2258 2989 2740 3054 insidiatoribus

364 3115 414 3153 25
447 3091 589 3177 Gai,
659 3114 806 3157 cum
867 3094 1051 3176 quasi
1117 3098 1430 3159 secretum
1487 3117 1562 3159 eo
1622 3095 2020 3160 desiderante
2086 3095 2339 3161 turbam
2404 3096 2738 3161 submoue-

444 3204 602 3285 rent,
650 3201 717 3264 in
767 3200 1062 3286 diaetam,
1109 3201 1211 3265 cui
1247 3222 1483 3266 nomen
1522 3206 1620 3266 est
1656 3201 2066 3286 Hermaeum,
2114 3206 2489 3287 recesserat3
2535 3196 2742 3286 neque

445 3308 651 3371 multo
708 3310 859 3391 post
913 3329 1169 3372 rumore
1235 3309 1443 3372 caedis
1509 3309 1855 3373 exterritus
1910 3310 2235 3392 prorepsit
2299 3310 2376 3372 ad
2438 3309 2742 3373 solarium

446 3414 813 3497 proximum
870 3415 1164 3498 interque
1208 3419 1540 3498 praetenta
1585 3415 1834 3480 foribus
1891 3415 2036 3479 uela
2083 3437 2150 3480 se
2196 3416 2458 3480 abdidit.
2544 3415 2742 3478 laten·
2782 3430 2812 3475 2

446 3524 576 3584 tem
615 3521 977 3585 discurrens
1014 3522 1181 3586 forte
1213 3522 1543 3608 gregarius
1580 3522 1784 3605 mileS,
1822 3523 2282 3586 animaduersis
2319 3522 2609 3608 pedibus,
2648 3522 2740 3607 [e]

593 3782 660 3830 28
700 3777 769 3843 ef.
814 3777 995 3831 Victor
1025 3778 1175 3832 Caes,
1198 3784 1250 3843 3,
1273 3782 1343 3831 16
1380 3776 1630 3830 centurio
1664 3819 1710 3830 ..
1737 3819 1746 3829 .
1779 3775 2077 3830 Claudium
2106 3777 2484 3831 occultantem
2523 3794 2581 3831 se
2618 3795 2744 3847 rep-

450 3855 598 3923 perit
626 3855 867 3910 deformi
894 3856 1141 3910 latebra:
1180 3859 1578 3925 protractoque
1608 3873 1674 3910 eo
1705 3856 1982 3910 exclamat
2011 3857 2163 3924 apud
2193 3858 2388 3923 socios,
2424 3858 2472 3911 si
2501 3858 2744 3926 sapiant,

452 3934 648 3989 adesse
684 3936 1014 4003 principem.
1073 3938 1141 4004 ef.
1173 3937 1329 4004 Epit.
1361 3941 1465 4003 4,2
2194 3940 2199 3945 '

599 4183 624 4228 1
666 4175 964 4247 ferule(-le)
994 4176 1169 4246 flagro
1198 4180 1245 4229 'P
1363 4183 1393 4230 2
1435 4177 1653 4246 capreis
1676 4182 1740 4244 X,
1780 4178 1996 4246 cropeis
2027 4176 2086 4232 Π
2120 4179 2207 4247 (ef.
2247 4180 2363 4232 Tib.
2387 4181 2474 4245 61)
2601 4184 2631 4230 3
2662 4178 2747 4231 in-

454 4255 551 4308 dui
582 4255 714 4326 11¹9
824 4262 855 4309 5
893 4256 1074 4325 primo
1116 4258 1191 4310 M
1294 4263 1325 4309 6
1365 4258 1572 4311 cesaris
1609 4258 1848 4311 fratrum
1890 4258 1941 4312 G
2051 4256 2194 4331 (C.)
2236 4257 2485 4312 Caesaris
2515 4261 2749 4331 Bentley

453 4341 486 4390 8
524 4338 612 4390 est
657 4337 757 4390 del.
798 4338 1031 4407 Bentley
1214 4344 1278 4392 15
1316 4355 1429 4392 non
1474 4354 1781 4407 numquam
1827 4339 1888 4391 in
1930 4339 1981 4392 G
2161 4343 2230 4391 20
2275 4339 2480 4392 recidit
2518 4342 2749 4411 Bentley

455 4422 521 4472 25
560 4416 907 4470 desideranti
942 4418 1128 4471 MGX
1157 4418 1354 4487 (desid.
1395 4435 1459 4472 eo
1497 4420 1566 4486 T)
1741 4423 1804 4470 27
1846 4418 2175 4486 perterritus
2217 4418 2268 4472 G
2449 4419 2750 4474 scolarium

457 4498 719 4552 ML¹PR
864 4502 930 4549 29
970 4514 999 4550 e
1029 4515 1129 4551 om.
1165 4499 1215 4552 G
1245 4500 1365 4568 (del.
1397 4500 1670 4568 Madvi9)‚
1708 4513 1776 4551 ex
1813 4500 1872 4563 T,
1907 4501 1964 4551 et
1993 4500 2328 4564 PolitiemuS,
2366 4498 2485 4551 eius
2519 4501 2750 4570 Bentley
