3325 5209
440 2283 506 2329 10

441 2708 504 2755 11

443 3561 505 3606 12

549 403 677 467 110
1249 402 1305 456 C.
1346 400 1661 454 SVETONI
1699 399 2145 464 TRANQVILLI

545 566 814 630 eundem
865 588 1152 650 puerum,
1200 587 1390 648 quem
1440 587 1585 629 cum
1624 563 1874 627 detrahi
1919 563 2225 645 iussisset,
2272 562 2674 646 prohibitum
2713 584 2848 626 mo-

544 673 683 736 nitu
744 673 871 755 dei,
933 677 1261 755 tamquam
1319 673 1374 734 is
1433 671 1511 734 ad
1567 672 1835 734 tutelam
1893 671 1985 734 rei
2039 693 2100 753 p.
2149 670 2550 752 educaretur3
2615 691 2689 734 ac
2746 669 2847 732 die

543 781 843 863 proximo
891 780 1154 843 obuium
1207 778 1329 842 sibi
1370 776 1761 863 Augustum,
1809 798 1953 839 cum
2001 778 2403 862 incognitum
2452 776 2609 840 alias
2657 775 2846 839 habe-

544 890 670 968 ret,
723 908 855 949 non
913 887 1048 949 sine
1105 885 1527 948 admiratione
1583 884 1915 948 contuitus
1964 884 2363 947 simillimum
2414 883 2579 946 dixit
2625 904 2844 966 pacm,

546 993 625 1055 de
674 1014 801 1074 quo
851 992 1247 1056 somniasset.
1342 991 1601 1075 quidam
1648 991 1828 1075 prius
1878 990 2200 1053 somnium
2250 989 2458 1054 Catuli
2509 991 2698 1053 aliter
2741 1011 2842 1053 ex·
2902 1013 2926 1053 5

545 1103 815 1181 ponunt,
863 1100 1047 1182 quasi
1094 1097 1386 1182 Iuppiter
1434 1097 1874 1181 compluribus
1920 1096 2337 1181 praetextatis
2384 1100 2665 1160 tutorem
2705 1120 2741 1160 a
2778 1118 2845 1160 se

542 1206 957 1288 poscentibus
1004 1227 1203 1268 unum
1253 1228 1329 1269 ex
1378 1206 1513 1270 eius
1560 1204 2076 1285 demonstrasset,
2124 1204 2202 1266 ad
2249 1226 2438 1287 quem
2489 1205 2705 1267 omnia
2744 1204 2844 1267 de-

545 1312 778 1376 sideria
825 1334 942 1376 sua
986 1312 1313 1393 referrent,
1360 1312 1625 1393 eiusque
1663 1310 1956 1374 osculum
1995 1310 2346 1374 delibatum
2386 1310 2607 1396 digitis
2653 1311 2732 1373 ad
2772 1332 2845 1373 os

546 1440 733 1481 suum
778 1418 1233 1500 ret<t>ulisset

726 1524 809 1587 M.
858 1522 1080 1588 Cicero
1140 1524 1204 1588 C.
1255 1523 1586 1589 Caesarem
1645 1526 1713 1588 in
1776 1523 2166 1608 Capitolium
2232 1529 2608 1608 prosecutus
2675 1546 2844 1587 som·
2876 1547 2927 1586 ιο

543 1631 723 1694 nium
790 1631 1100 1714 pristinae
1162 1633 1370 1696 noctis
1444 1632 1875 1696 familiaribus
1939 1632 2106 1695 forte
2171 1632 2497 1695 narrabat:
2573 1653 2845 1714 puerum

542 1737 707 1801 facie
762 1737 1015 1801 liberali
1071 1737 1419 1802 demissum
1478 1762 1513 1802 6
1569 1741 1746 1804 66616
1802 1744 2026 1802 catena
2082 1760 2271 1802 aurea
2317 1738 2397 1802 ad
2441 1737 2613 1801 fores
2663 1736 2846 1820 Capi-

545 1845 665 1906 toli
721 1844 1086 1909 constitisse
1143 1847 1329 1929 eique
1383 1844 1604 1910 Iouem
1659 1845 1989 1931 flagellum
2047 1845 2409 1929 tradidisse3
2470 1845 2700 1908 deinde
2753 1866 2846 1907 re-

543 1954 736 2032 pente
764 1949 1062 2036 Augusto
1103 1954 1265 2035 uiSO,
1314 1975 1502 2036 quem
1545 1954 1840 2037 ignotum
1878 1952 2203 2035 plerisque
2243 1952 2453 2017 adhuc
2489 1951 2847 2016 auunculus

545 2054 778 2120 Caesar
813 2059 894 2121 ad
932 2059 1419 2123 sacrificandum
1457 2061 1793 2141 acciuerat,
1832 2059 2182 2123 affirmauit
2218 2060 2433 2142 ipsum
2472 2051 2636 2139 esse,
2666 2059 2846 2122 cuius
2877 2078 2928 2118 15

544 2164 758 2248 imago
808 2166 1155 2229 secundum
1205 2167 1485 2248 quietem
1534 2167 1658 2230 sibi
1706 2165 2048 2229 obuersata
2095 2166 2193 2227 sit.

727 2270 1016 2335 Sumenti
1066 2273 1319 2336 uirilem
1369 2277 1588 2356 togam
1638 2272 1857 2336 tunica
1911 2272 2026 2334 lati
2077 2271 2240 2334 claui
2290 2275 2505 2335 resuta
2551 2294 2628 2334 ex
2675 2275 2844 2334 utra-

545 2398 669 2458 que
713 2382 895 2460 parte
943 2379 1024 2441 ad
1069 2377 1261 2460 pedes
1310 2379 1561 2442 decidit.
1635 2379 1900 2442 fuerunt
1939 2378 2050 2460 qui
2088 2378 2677 2460 interpretarentur,
2713 2398 2845 2440 non

543 2482 719 2546 aliud
766 2484 1145 2567 significare,
1192 2506 1384 2566 quam
1432 2489 1504 2547 ut
1544 2486 1596 2548 is
1636 2485 1793 2548 ordo
1831 2484 2012 2548 cuius
2051 2484 2302 2569 insigne
2340 2484 2406 2548 id
2446 2488 2612 2549 esset
2651 2506 2846 2567 quan-

546 2588 755 2671 doque
803 2590 861 2652 ei
909 2590 1322 2654 subiceretur.
2876 2611 2928 2650 2⁰

714 2693 916 2779 'Apud
961 2696 1267 2760 Mundam
1319 2697 1525 2761 Diuus
1583 2696 1786 2762 Iulius
1845 2699 2071 2761 castris
2126 2700 2341 2762 locum
2393 2698 2651 2781 capiens
2700 2720 2846 2762 cum

546 2800 776 2864 siluam
817 2803 1123 2886 caederet,
1165 2803 1458 2867 arborem
1495 2804 1749 2887 palmae
1786 2808 2106 2888 repertam
2145 2806 2511 2868 conseruari
2547 2809 2620 2868 ut
2658 2826 2849 2869 omen

545 2907 857 2971 uictoriae
904 2909 1120 2993 iussit3
1168 2933 1245 2973 ex
1295 2933 1370 2974 ea
1419 2911 1725 2974 continuo
1774 2915 1961 2974 enata
2009 2910 2265 2974 suboles
2312 2911 2471 2974 adeo
2519 2911 2585 2973 in
2623 2911 2845 2993 paucis

546 3014 769 3077 diebus
818 3016 1130 3101 adoleuit,
1177 3022 1250 3081 ut
1293 3040 1426 3081 non
1473 3017 1918 3101 aequiperaret
1966 3017 2157 3082 modo
2207 3019 2564 3099 matricem,
2620 3038 2846 3080 uerum

546 3125 610 3185 61
656 3122 986 3207 obtegeret
1032 3122 1676 3207 frequentareturque
1725 3124 2168 3188 columbarum
2206 3125 2395 3206 nidis,
2443 3124 2739 3207 quamuis
2778 3123 2844 3185 id
2878 3143 2928 3183 25

547 3229 765 3291 auium
813 3251 1014 3313 genus
1063 3230 1286 3294 duram
1334 3236 1400 3294 et
1454 3253 1747 3314 asperam
1803 3229 2096 3294 frondem
2143 3230 2419 3294 maxime
2466 3230 2645 3293 uitet.
2729 3230 2844 3293 illo

547 3340 610 3398 et
655 3338 995 3419 praecipue
1044 3342 1295 3401 ostento
1344 3342 1593 3401 motum
1633 3337 1968 3401 Caesarem
2015 3337 2247 3417 ferunt,
2294 3357 2373 3398 ne
2414 3358 2603 3418 quem
2648 3337 2845 3401 alium

548 3443 669 3506 sibi
718 3444 1051 3508 succedere
1100 3466 1291 3527 quam
1341 3445 1580 3508 sororis
1628 3449 1930 3527 nepotem
1978 3443 2189 3507 uellet.

724 3548 801 3613 In
857 3573 1109 3616 secessu
1157 3550 1543 3635 Apolloniae
1590 3550 1953 3637 Theogenis
2011 3550 2452 3614 mathematici
2508 3550 2843 3635 pergulam

550 3657 780 3719 comite
838 3656 1130 3742 Agrippa
1194 3657 1586 3740 ascenderat3
1654 3679 1800 3721 cum
1857 3655 2215 3742 Agrippae,
2280 3659 2391 3740 qui
2454 3659 2635 3741 prior
2700 3679 2845 3721 con-
2875 3676 2927 3716 30

548 3763 827 3845 sulebat,
883 3786 1116 3848 magna
1174 3768 1236 3827 et
1282 3786 1482 3848 paene
1530 3764 1932 3828 incredibilia
1978 3764 2520 3848 praedicerentur,
2579 3764 2846 3828 reticere

547 3871 684 3953 ipse
732 3872 1091 3955 genituram
1150 3893 1330 3935 suam
1386 3892 1501 3934 nec
1558 3870 1725 3934 uelle
1782 3871 1965 3934 edere
2023 3872 2499 3955 perseuerabat,
2549 3876 2725 3937 metu
2771 3893 2847 3935 ac

692 4134 721 4178 2
761 4127 939 4179 tulam
958 4126 1071 4192 M1,
1099 4125 1327 4178 titulam
1350 4126 1402 4178 V
1503 4130 1536 4176 4
1574 4125 2014 4178 murmuratione
2041 4127 2090 4179 V
2192 4131 2222 4178 5
2260 4125 2476 4179 Taliter
2505 4125 2569 4195 (Τ
2597 4128 2769 4195 rubr.)
2794 4127 2846 4181 G

548 4210 579 4257 8
621 4205 809 4257 dicitis
842 4208 902 4271 V,
941 4206 1108 4259 dictis
1141 4206 1192 4259 G
1338 4211 1403 4259 12
1445 4206 1751 4258 demissum
1793 4207 1910 4270 Τὸ,
1949 4207 2286 4259 demissaM
2321 4209 2477 4274 (corr.
2508 4223 2575 4260 ex
2603 4207 2844 4259 demisso

548 4303 615 4338 m.
641 4288 691 4351 1)
713 4289 790 4348 X,
828 4285 1067 4337 demisso
1094 4285 1209 4339 GV
1347 4301 1377 4338 e
1415 4302 1514 4339 om.
1550 4286 1601 4338 G
1751 4292 1815 4338 14
1848 4286 2028 4353 uisoq;
2057 4303 2261 4354 magno
2291 4287 2412 4338 tum
2445 4286 2496 4339 G
2645 4292 2707 4339 16
2747 4287 2845 4339 ob-

550 4366 774 4417 seruata
802 4368 859 4416 X
862 4362 907 4417 ἐ
939 4367 1020 4431 (in
1044 4368 1116 4419 Μ
1147 4383 1275 4417 uers
1304 4368 1364 4418 in
1390 4382 1499 4419 ναε.
1532 4383 1599 4418 m.
1622 4369 1676 4431 1)
1801 4371 1866 4418 17
1896 4365 2189 4419 laticlauia
2212 4367 2482 4420 Graevius
2599 4365 2845 4419 resoluta

552 4444 903 4497 Halbertsma
1013 4451 1078 4497 19
1119 4445 1425 4513 significari
1463 4446 1774 4513 Stephanus
1884 4452 1949 4498 29
1992 4463 2249 4500 successu
2290 4448 2376 4512 M,
2413 4462 2693 4499 secessum
2721 4450 2780 4499 X

548 4540 648 4592 per
685 4524 937 4591 tegulam
975 4530 1032 4577 X
1185 4531 1251 4577 30
1293 4526 1544 4593 Agrippa
1583 4525 1914 4579 ascenderat
1952 4543 2078 4579 cum
2116 4543 2215 4581 om..
2257 4526 2308 4578 V
