3325 5209
1219 390 1514 444 TIBERIV
1518 390 1552 442 S
1593 402 1724 450 [cst.
1756 402 1932 451 11-14]
2601 389 2722 452 127

427 577 587 637 quae
645 558 958 638 temptare
1016 554 1421 640 singulorum
1477 555 1727 617 animos
1791 553 1871 615 ad
1925 574 2127 617 nouas
2183 575 2283 616 res
2338 553 2726 616 uiderentur.

427 662 503 725 de
561 683 685 744 qua
750 661 1117 745 suspicione
1184 661 1419 725 certior
1483 662 1563 723 ab
1620 660 1920 746 Augusto
1986 660 2194 723 factus
2257 681 2388 723 non
2454 660 2729 723 cessauit

429 768 783 853 efflagitare
839 768 1120 850 aliquem
1179 767 1527 831 cuiuslibet
1581 767 1826 831 ordinis
1892 767 2223 831 custodem
2284 766 2471 829 factis
2537 771 2728 849 atque

428 876 616 938 dictis
678 875 827 938 suis.
912 876 1061 957 equi
1123 896 1379 958 quoque
1445 877 1510 937 et
1569 895 1896 937 armorum
1958 873 2179 937 solitas
2235 872 2725 935 exercitationes
2746 870 2832 937 13

372 1009 399 1046 5
429 981 647 1045 omisit
711 981 1088 1068 redegitque
1152 1003 1218 1045 se
1276 980 1566 1063 deposito
1630 981 1845 1064 patrio
1901 979 2133 1042 habitu
2171 978 2278 1042 ad
2336 978 2609 1062 pallium
2667 982 2730 1041 et

428 1088 716 1172 crepidas
781 1092 972 1172 atque
1048 1089 1117 1152 in
1180 1088 1297 1150 tali
1363 1091 1538 1150 statu
1612 1086 1876 1150 biennio
1941 1087 2073 1148 fere
2137 1084 2519 1169 permansit,
2585 1107 2730 1148 con-

428 1195 737 1278 temptior
783 1194 850 1258 in
898 1195 1033 1260 dies
1080 1199 1144 1259 et
1192 1195 1482 1279 inuisior,
1529 1194 1686 1257 adeo
1734 1198 1809 1257 ut
1857 1193 2170 1278 imagines
2210 1192 2346 1256 eius
2383 1196 2447 1256 et
2485 1195 2731 1255 statuas

427 1300 896 1365 Nemausenses
937 1302 1373 1366 subuerterint
1411 1323 1483 1364 ac
1522 1300 1826 1363 familiari
1857 1299 2179 1383 quondam
2219 1300 2519 1364 conuiuio
2558 1320 2729 1362 men-

429 1409 604 1471 tione
659 1410 796 1473 eius
855 1412 998 1473 orta
1053 1408 1341 1472 extiterit
1398 1408 1510 1490 qui
1559 1406 1720 1471 Graio
1769 1407 2208 1491 polliceretur,
2261 1406 2599 1469 confestim
2647 1427 2730 1487 se,

351 1543 401 1581 ιο
431 1515 485 1578 si
531 1516 799 1600 iuberet,
845 1514 1148 1579 Rhodum
1196 1514 1658 1600 nauigaturum
1695 1516 2017 1597 caputque
2055 1514 2262 1577 exulis
2301 1551 2385 1558 -
2427 1513 2517 1577 sic
2559 1513 2730 1576 enim

431 1622 877 1706 appellabatur
913 1660 1002 1668 —
1040 1623 1409 1686 relaturum.
1495 1643 1622 1704 quo
1669 1621 2013 1705 praecipue
2059 1642 2190 1684 non
2237 1621 2363 1683 iam
2403 1624 2581 1684 metu
2621 1619 2731 1684 sed
2770 1638 2800 1685 2

433 1728 799 1792 discrimine
857 1733 1112 1792 coactus
1170 1732 1295 1812 est,
1354 1732 1488 1791 tam
1545 1727 1677 1790 suis
1734 1750 1926 1810 quam
1983 1728 2207 1790 matris
2263 1726 2732 1810 inpensissimis

431 1835 730 1919 precibus
777 1834 1056 1898 reditum
1104 1835 1539 1918 expostulare,
1595 1833 2096 1917 impetrauitque
2143 1833 2400 1896 adiutus
2446 1833 2732 1916 aliquan-

432 1945 571 2004 tum
620 1943 813 2004 etiam
862 1963 1028 2005 casu.
1114 1941 1503 2005 destinatum
1542 1940 1842 2026 Augusto
1894 1945 2046 2024 erat,
2098 1940 2263 2003 nihil
2308 1962 2500 2023 super
2547 1963 2620 2003 ea
2666 1962 2733 2003 re

356 2073 405 2114 15
437 2049 561 2112 nisi
609 2070 685 2110 ex
732 2048 1067 2111 uoluntate
1113 2048 1380 2112 maioris
1426 2048 1521 2111 fili
1560 2051 1868 2131 statuere3
1918 2047 1971 2110 is
2008 2047 2176 2109 forte
2213 2051 2369 2110 tunc
2404 2046 2489 2109 M.
2519 2041 2732 2110 Lollio

436 2155 765 2237 offensior,
819 2154 1029 2218 facilis
1085 2155 1555 2237 exorabilisque
1611 2155 1678 2217 in
1735 2153 2039 2217 uitricum
2089 2152 2227 2216 fuit.
2322 2153 2734 2237 permittente

435 2283 587 2347 ergo
638 2259 795 2325 Gaio
843 2265 1180 2326 reuocatus
1228 2266 1343 2345 est,
1390 2284 1616 2325 uerum
1664 2262 1783 2325 sub
1833 2259 2207 2326 condicione
2245 2282 2324 2323 ne
2364 2282 2554 2343 quam
2595 2283 2734 2343 par-

434 2373 564 2431 tem
612 2389 911 2432 curamue
958 2370 1051 2432 rei
1097 2392 1155 2452 p.
1196 2369 1559 2454 attingeret.
2139 2408 2162 2445 Ι

612 2475 832 2539 Rediit
899 2480 1126 2540 octauo
1187 2479 1335 2558 post
1400 2497 1716 2539 secessum
1784 2496 1980 2558 anno,
2041 2496 2275 2559 magna
2328 2495 2447 2538 nec
2493 2476 2736 2538 incerta
2751 2471 2840 2537 14

356 2607 408 2646 20
437 2603 548 2665 spe
594 2583 991 2667 futurorum,
1038 2605 1229 2666 quam
1279 2586 1343 2646 et
1390 2582 1660 2645 ostentis
1710 2587 1775 2645 et
1820 2580 2369 2664 praedictionibus
2417 2581 2497 2645 ab
2546 2581 2735 2644 initio

436 2688 665 2751 aetatis
713 2692 1104 2773 conceperat.

615 2794 985 2881 Praegnans
1033 2817 1107 2859 eo
1155 2795 1341 2859 Liuia
1399 2818 1547 2860 cum
1593 2818 1676 2858 an
1722 2816 1966 2858 marem
2014 2795 2264 2858 editura
2309 2798 2491 2878 esset,
2539 2792 2737 2858 uariis
2776 2811 2806 2857 2

437 2906 733 2985 captaret
770 2902 1095 2966 ominibus
1106 2954 1123 2985 ,
1180 2924 1375 2965 ouum
1423 2901 1757 2966 incubanti
1806 2901 2084 2987 gallinae
2132 2901 2519 2965 subductum
2565 2923 2738 2965 nunc

438 3030 551 3071 sua
614 3031 787 3073 nunc
843 3009 1283 3072 ministrarum
1343 3030 1539 3072 manu
1601 3030 1719 3092 per
1782 3009 1957 3073 uices
2011 3030 2213 3091 usque
2268 3008 2461 3091 fouit,
2527 3008 2740 3090 quoad

359 3139 409 3179 25
438 3115 653 3198 pullus
701 3115 1042 3201 insigniter
1089 3116 1388 3178 cristatus
1436 3115 1734 3181 exclusus
1784 3119 1895 3178 est.
1972 3136 2047 3179 ac
2085 3114 2162 3177 de
2200 3114 2444 3178 infante
2485 3112 2740 3178 Scribo-

437 3223 584 3285 nius
650 3221 1144 3285 mathematicus
1208 3222 1538 3306 praeclara
1602 3221 1985 3305 spopondit,
2056 3222 2251 3284 etiam
2316 3210 2737 3305 regnaturum

440 3329 839 3413 quandoque,
888 3327 998 3392 sed
1045 3329 1182 3392 sine
1229 3327 1409 3414 regio
1459 3328 1720 3414 insigni,
1764 3328 1990 3413 ignota
2037 3327 2283 3392 scilicet
2328 3331 2483 3391 tunc
2530 3327 2740 3391 adhuc

441 3433 781 3498 Caesarum
828 3438 1162 3519 potestate.
1246 3439 1311 3499 et
1357 3436 1646 3521 ingresso
1686 3435 1960 3518 primam
2001 3433 2472 3519 expeditionem
2514 3456 2588 3498 ac
2626 3456 2743 3518 per
2778 3453 2809 3498 3

439 3540 883 3606 Macedoniam
951 3542 1222 3607 ducente
1289 3542 1640 3606 exercitum
1706 3542 1774 3604 in
1824 3539 2104 3625 Syriam,
2170 3541 2404 3606 accidit
2448 3546 2522 3604 ut
2569 3541 2740 3625 apud

361 3672 413 3711 30
440 3646 779 3732 Philippos
828 3652 1110 3712 sacratae
1150 3647 1306 3712 olim
1343 3648 1713 3713 uictricium
1751 3649 2080 3733 legionum
2120 3670 2266 3711 arae
2305 3652 2531 3731 sponte
2570 3647 2740 3711 subi-

585 3891 615 3936 3
655 3885 972 3953 afflagitare
1004 3888 1079 3939 M
1202 3891 1232 3938 5
1269 3885 1492 3954 redegit
1521 3884 1708 3952 sedeq:
1747 3878 1935 3954 posito
1961 3888 2036 3940 M
2157 3902 2215 3940 se
2245 3904 2345 3941 om.
2372 3885 2422 3939 G
2551 3891 2581 3937 6
2612 3901 2740 3937 con-

442 3965 649 4018 tentior
672 3965 854 4020 MGR
972 3971 1003 4018 8
1031 3981 1416 4019 remansenses
1438 3966 1650 4034 (-sisses
1683 3967 1755 4034 V)
1778 3969 1846 4031 Ω,
1887 3983 2022 4021 corr.
2051 3966 2166 4035 9²5
2187 3966 2494 4035 (Beroald.)
2603 3980 2740 4034 quo-

443 4044 573 4096 dam
597 4044 774 4113 Πῼδς
883 4050 913 4096 9
954 4046 1072 4098 eius
1109 4044 1276 4110 T'P2,
1305 4063 1406 4099 om.
1437 4046 1530 4099 rel.
1559 4046 1687 4113 fort.
1719 4047 1921 4101 rectius
2033 4051 2097 4099 10
2127 4046 2331 4100 extulit
2355 4046 2405 4099 G
2518 4050 2581 4097 12
2621 4047 2742 4098 tam

442 4128 499 4176 X
503 4122 685 4194 Ὠρδ,
723 4141 892 4191 quam
924 4127 999 4178 Μ
1008 4125 1129 4179 GH
1136 4127 1190 4180 R
1229 4127 1376 4193 (inde
1414 4141 1732 4194 qua—qua
1762 4128 2013 4196 Bentley)
2170 4132 2237 4179 20
2268 4127 2433 4194 prius
2470 4128 2528 4178 et
2554 4142 2655 4179 om.
2691 4126 2743 4180 G

443 4210 509 4257 22
541 4220 606 4258 eo
626 4205 823 4272 scripsi
850 4222 916 4258 ea:
942 4206 1081 4258 coni.
1103 4205 1338 4271 Bentlei,
1369 4208 1463 4274 qui
1473 4212 1757 4274 praeterea
1780 4223 1999 4275 propos.
2023 4206 2157 4259 olim
2183 4196 2232 4259 et
2258 4206 2500 4274 primum
2521 4207 2744 4274 (Lupus

441 4285 600 4339 Ferr.
623 4286 932 4340 dictauerat
949 4283 1172 4337 Tiberio
1201 4289 1557 4354 praegnans),
1587 4302 1713 4339 eum
1735 4289 1787 4339 ,Ω
1818 4290 2021 4355 (tuetur
2039 4287 2322 4350 Βᾱσήεῖεν,
2362 4288 2430 4352 cf.
2452 4288 2551 4340 uit.
2585 4287 2739 4355 Very.

434 4382 491 4433 p.
524 4369 595 4419 55
628 4366 737 4434 R),
775 4365 924 4418 enim
963 4367 1042 4423 ὃς
1090 4365 1252 4435 (edd.)
1435 4371 1503 4418 24
1549 4382 1614 4419 eo
1651 4382 1831 4433 usque
1863 4367 1952 4432 H,
2011 4382 2190 4433 usque
2230 4382 2293 4420 eo
2335 4367 2509 4431 VLS,
2564 4383 2743 4433 usque

441 4445 582 4498 adeo
623 4445 782 4499 POT
933 4450 997 4498 27
1039 4445 1221 4514 ignoti
1261 4446 1335 4499 M
1344 4445 1460 4499 GV
1609 4445 2201 4515 ignota—potestate
2249 4447 2348 4499 del.
2389 4447 2743 4500 Halbertsma

444 4529 509 4576 29
550 4525 790 4585 ducente
823 4524 1130 4596 GQL²PT,
1169 4524 1466 4578 ducentem
1503 4525 1594 4579 rel.
1636 4527 1720 4595 (in
1759 4528 1834 4580 M
1861 4527 2143 4595 praecedit
2175 4526 2528 4594 macedonia)
