3325 5209
1210 401 1428 455 Drvvs
1466 401 1675 456 Trrvs
1714 402 1851 473 [cir.
1882 412 2004 461 a-s]
2622 399 2753 464 329

459 568 712 651 recepit.
799 571 863 631 et
898 571 1115 631 tamen
1149 566 1404 630 nemine
1450 569 1598 630 ante
1645 587 1713 629 se
1758 563 2199 629 munificentia
2236 566 2466 649 minor,
2503 564 2747 648 amphi-

458 674 710 740 theatro
749 674 1037 738 dedicato
1075 673 1473 756 thermisque
1510 673 1695 736 iuxta
1732 671 2131 756 cele[b]riter
2167 674 2479 737 extructis
2516 693 2750 736 munus

458 780 659 846 edidit
713 781 1273 865 apparatissimum
1319 779 1910 866 largissimumque3
1966 779 2141 843 dedit
2185 783 2254 844 et
2297 779 2524 844 nauale
2571 800 2752 862 proe-

456 888 617 952 lium
672 888 740 952 in
795 888 1000 953 ueteri
1055 887 1461 970 naumachia,
1517 887 1756 951 ibidem
1812 891 1876 950 et
1931 885 2316 972 gladiatores
2374 890 2566 969 atque
2622 908 2751 949 uno

405 1020 429 1060 5
458 995 559 1058 die
607 995 893 1078 quinque
939 995 1121 1059 milia
1168 1017 1356 1058 omne
1402 1016 1605 1081 genus
1651 993 1951 1061 ferarum.

636 1100 886 1166 Natura
931 1106 1146 1165 autem
1184 1100 1836 1186 beniuolentissimus,
1884 1122 2032 1164 cum
2079 1121 2158 1164 ex
2194 1100 2496 1164 instituto
2533 1098 2753 1164 Tiberi
2801 1101 2847 1167 8

462 1229 683 1272 omues
729 1207 960 1272 dehinc
997 1207 1294 1272 Caesares
1340 1208 1649 1273 beneficia
1687 1230 1725 1271 a
1763 1207 2202 1293 superioribus
2242 1228 2546 1273 concessa
2581 1208 2753 1290 priu-

460 1315 711 1400 cipibus
767 1315 957 1379 aliter
1000 1316 1224 1399 (rata)
1267 1337 1400 1379 non
1445 1314 1775 1398 haberent,
1830 1337 2022 1398 quam
2070 1314 2123 1378 si
2172 1314 2390 1379 eadem
2437 1314 2641 1378 isdem
2689 1317 2754 1377 et

460 1422 585 1505 ipsi
631 1421 971 1505 dedissent,
1016 1423 1261 1507 primus
1307 1423 1652 1506 praeterita
1701 1422 1916 1486 omnia
1959 1443 2090 1487 uno
2137 1422 2546 1486 confirmauit
2592 1420 2753 1484 edic-

382 1555 434 1593 ιο
460 1533 529 1592 to
583 1550 704 1594 nec
758 1552 795 1592 a
850 1551 916 1593 se
971 1529 1105 1612 peti
1159 1551 1386 1613 passus
1441 1533 1554 1593 est.
1646 1530 1716 1592 in
1774 1530 1999 1593 ceteris
2055 1552 2208 1595 uero
2265 1528 2595 1593 desideriis
2641 1526 2754 1592 ho-

461 1635 710 1700 minum
771 1635 1276 1700 obstinatissime
1328 1636 1555 1719 tenuit,
1625 1658 1708 1700 ne
1764 1658 1953 1719 quem
2011 1636 2148 1701 sine
2209 1658 2320 1720 spe
2376 1635 2755 1718 dimitteret3

462 1744 617 1826 quin
685 1747 749 1806 et
821 1742 1309 1806 admonentibus
1376 1742 1768 1826 domesticis,
1843 1742 2027 1826 quasi
2091 1742 2279 1826 plura
2340 1743 2758 1827 polliceretur

463 1871 655 1932 quam
693 1852 1016 1933 praestare
1053 1853 1288 1933 posset,
1333 1870 1483 1914 non
1521 1854 1876 1934 oportere
1914 1849 2006 1912 ait
2045 1871 2495 1934 quemquam
2533 1872 2571 1912 a
2606 1871 2757 1913 ser-

463 1977 678 2020 mone
716 1955 1095 2038 principis
1133 1957 1437 2020 tristem
1477 1955 1897 2041 discedere3
1935 1960 2127 2040 atque
2157 1957 2348 2020 etiam
2386 1954 2757 2019 recordatus

384 2086 435 2126 15
465 2061 787 2146 quondam
835 2084 1027 2146 super
1072 2085 1312 2147 cenam,
1369 2063 1541 2146 quod
1593 2062 1762 2126 nihil
1809 2063 2108 2148 cuiquam
2156 2066 2296 2127 toto
2344 2062 2446 2126 die
2491 2063 2759 2146 praesti-

461 2170 663 2252 tisset,
718 2169 1197 2235 memorabilem
1254 2169 1432 2234 illam
1480 2170 1840 2254 meritoque
1883 2170 2210 2233 laudatam
2256 2191 2483 2234 uocem
2531 2168 2754 2234 edidit:

463 2277 723 2360 amici,
772 2276 971 2342 diem
1018 2277 1340 2360 perdidi.

640 2382 961 2468 Populum
993 2384 1056 2447 in
1097 2385 1323 2468 primis
1361 2385 1737 2449 uniuersum
1775 2387 1955 2448 tanta
1990 2406 2107 2468 per
2144 2383 2354 2447 omnis
2393 2384 2757 2448 occasiones
2795 2401 2831 2447 2

465 2490 765 2554 comitate
810 2491 1139 2576 tractauit,
1195 2496 1267 2555 ut
1313 2493 1647 2576 proposito
1695 2490 2081 2576 gladiatorio
2129 2512 2416 2573 munere,
2475 2512 2625 2554 non
2671 2489 2760 2552 ad

386 2622 438 2660 20
466 2619 705 2678 suum,
753 2598 880 2662 sed
923 2599 1010 2661 ad
1058 2599 1575 2681 spectantium
1624 2598 2033 2662 arbitrium
2082 2597 2468 2661 editurum
2506 2618 2580 2660 se
2617 2618 2759 2680 pro-

609 2788 636 2834 1
678 2784 914 2850 Eutrop.
947 2782 1071 2835 VII
1094 2786 1185 2847 21,
1204 2787 1239 2836 4
1288 2782 1500 2836 Romae
1538 2782 2016 2850 amphitheatrum
2053 2782 2378 2835 aedificauit
2414 2784 2472 2835 et
2509 2781 2756 2849 quinque

465 2860 625 2915 milia
660 2861 906 2915 ferarum
942 2862 1003 2914 in
1042 2862 1398 2916 dedicatione
1442 2863 1562 2917 eius
1600 2862 1810 2915 occidit
1847 2863 2025 2932 (Hier.
2047 2864 2230 2917 chron.
2260 2881 2309 2917 a.
2330 2865 2517 2930 2095).
2579 2863 2761 2916 Victor

468 2943 614 2997 Caes.
647 2948 735 3009 10,
753 2946 786 2995 5
825 2942 1230 3011 amphitheatri
1266 2942 1516 3010 perfecto
1555 2959 1724 3010 opere
1761 2942 2074 3011 lautusque.
2218 2947 2249 2995 6
2267 2961 2385 3011 sqq.
2426 2943 2582 3010 Epit.
2615 2948 2702 3007 10,
2723 2947 2762 2995 8

466 3022 670 3076 dehinc
704 3039 830 3075 cum
860 3023 1070 3075 donata
1100 3038 1434 3076 concessaue
1465 3039 1498 3076 a
1525 3023 1807 3091 prioribus
1836 3023 2186 3092 principibus
2216 3023 2435 3076 firmare
2464 3023 2760 3090 insequen-

464 3107 550 3156 tes
588 3102 857 3167 solerent,
904 3101 1072 3156 simul
1116 3103 1416 3172 imperium
1462 3103 1638 3171 cepit,
1685 3103 1828 3156 talia
1872 3102 2291 3177 possidentibus
2339 3103 2524 3156 edicto
2562 3104 2763 3170 sponte

467 3184 634 3237 cauit.
725 3184 905 3237 Victor
944 3183 1094 3237 CaeS.
1135 3189 1223 3250 10,
1240 3187 1279 3237 2
1325 3183 1568 3252 denique
1616 3200 1744 3236 cum
1781 3199 2046 3237 concessa
2081 3200 2181 3252 per
2226 3183 2441 3252 priores
2477 3182 2764 3251 principes

466 3264 675 3317 fimari
713 3263 785 3316 ab
822 3263 1249 3332 insequentibus
1287 3280 1406 3317 mos
1444 3266 1616 3330 esset,
1656 3263 1824 3317 simul
1861 3264 2158 3332 imperium
2198 3264 2367 3333 cepit,
2404 3263 2546 3316 talia
2582 3262 2763 3332 possi·

468 3343 730 3397 dentibus
768 3342 953 3397 edicto
992 3346 1192 3412 sponte
1220 3343 1375 3397 cauit
1403 3344 1818 3413 prospexitque.
1967 3350 2033 3397 10
2045 3362 2163 3413 sqq.
2205 3346 2442 3413 Eutrop.
2477 3345 2598 3397 VII
2616 3348 2704 3408 21,
2728 3348 2765 3397 3

466 3423 763 3477 facilitatis
800 3425 859 3478 et
892 3423 1256 3478 liberalitatis
1293 3425 1489 3478 tantae
1524 3423 1659 3491 fuit,
1707 3429 1797 3489 ut,
1846 3442 1972 3477 cum
2007 3424 2152 3477 nulli
2189 3423 2493 3493 quicquam
2528 3426 2768 3493 negaret

468 3506 526 3557 et
570 3503 642 3557 ab
689 3504 884 3557 amicis
931 3504 1455 3573 reprehenderetur,
1511 3506 1865 3573 responderit
1909 3504 2127 3558 nullum
2172 3506 2394 3559 tristem
2440 3505 2641 3559 debere
2689 3503 2760 3557 ab

467 3585 806 3653 imperatore
852 3585 1165 3651 discedere,
1210 3588 1503 3654 praeterea
1549 3602 1677 3638 cum
1725 3586 1972 3655 quadam
2018 3586 2110 3639 die
2154 3586 2214 3638 in
2261 3601 2400 3639 cena
2436 3586 2768 3640 recordatus

467 3664 670 3718 fuisset
714 3663 858 3717 nihil
907 3681 964 3719 se
1011 3664 1110 3718 illo
1160 3665 1251 3717 die
1288 3665 1552 3732 cuiquam
1596 3665 1975 3733 praestitisse,
2032 3664 2260 3719 dixerit:
2322 3665 2548 3733 ‘amici,
2594 3663 2768 3718 hodie

471 3745 619 3799 diem
645 3746 890 3814 perdidi'
932 3747 1109 3815 (Hier.
1140 3747 1322 3800 chron.
1353 3765 1403 3800 a.
1432 3748 1617 3815 2095).
1686 3747 1842 3813 Epit.
1878 3752 1965 3812 10,
1985 3750 2020 3799 9
2058 3747 2303 3814 quadam
2341 3746 2513 3800 etiam
2552 3745 2643 3799 die
2679 3762 2764 3797 re-

469 3826 706 3879 cordans
750 3826 974 3895 uesperi
1018 3826 1164 3879 nihil
1209 3842 1268 3879 se
1314 3826 1578 3893 cuiquam
1622 3826 2000 3895 praestitisse,
2054 3825 2373 3881 uenerando
2421 3824 2767 3893 caelestique

469 3906 679 3960 edicto:
720 3906 905 3973 amici,
944 3906 1042 3974 ait,
1079 3906 1427 3976 perdidimus
1465 3906 1613 3959 diem
1627 3949 1641 3972 ,
1681 3907 1816 3975 quia
1853 3910 1975 3961 erat
2011 3905 2344 3975 magnificae
2382 3905 2761 3959 liberalitatis,

469 3987 679 4041 Ancon.
708 3994 849 4057 yrat.
881 3994 982 4042 act.
1015 3992 1104 4054 16,
1127 3991 1199 4040 72
1236 3986 1455 4041 celebre
1491 3985 1605 4039 fuit
1639 3986 1756 4040 Titi
1792 3986 2046 4040 Caesaris
2085 3987 2316 4053 dictum,
2353 3986 2665 4055 perdidisse
2704 4001 2765 4038 se

470 4066 638 4134 diem,
676 4083 785 4135 quo
822 4066 967 4121 nihil
1003 4067 1139 4121 boni
1174 4066 1401 4121 fecerat.
1447 4128 1450 4131 ,

614 4242 645 4290 2
686 4237 944 4291 celeriter
979 4238 1140 4293 Dom.
1166 4236 1494 4294 calderinus
1530 4237 1605 4290 ad
1635 4239 1811 4291 Mart.
1840 4241 1998 4306 spect.
2025 4240 2081 4301 2,
2104 4240 2136 4288 7
2166 4236 2241 4304 (ς)
2362 4240 2394 4288 5
2432 4233 2769 4303 omnigenus

471 4316 780 4387 (hominum
816 4336 879 4388 g·
926 4319 996 4387 Τ)
1038 4317 1222 4373 MGX
1326 4322 1357 4370 8
1398 4317 1607 4389 (rata)
1646 4318 1932 4387 Eynatius
2046 4315 2209 4384 quasi
2246 4314 2434 4385 PH¹Q
2540 4314 2767 4368 easdem

472 4398 657 4453 MGY
681 4401 837 4466 (corr.
868 4397 970 4467 11²)
1129 4405 1195 4452 10
1231 4398 1546 4468 hominum]
1583 4397 1734 4450 hunc
1770 4413 1981 4451 morem
2017 4403 2067 4450 et
2104 4404 2215 4451 tum
2246 4397 2393 4467 (ut)
2431 4411 2504 4449 ne
2531 4395 2769 4463 Bentley

474 4484 538 4531 12
569 4479 707 4545 quin
735 4479 909 4533 etiam
936 4485 985 4533 et
1012 4479 1163 4547 quod
1191 4478 1354 4546 plura
1382 4480 1452 4533 H
1591 4482 1657 4532 15
1695 4479 1818 4532 tota
1845 4478 1965 4532 XN
1984 4479 2138 4546 (corr.
2168 4476 2269 4547 P2)
2413 4481 2479 4529 17
2509 4472 2766 4547 (hodie)

471 4559 623 4613 diem
663 4560 896 4615 Casaub.
1046 4563 1112 4612 18
1151 4559 1440 4612 occasione
1481 4560 1555 4613 M
1560 4560 1594 4624 ¹,
1630 4558 1744 4611 -nis
1784 4557 1961 4612 M²L²
2448 4556 2453 4563 ⁴
2558 4594 2562 4599 ·
