3325 5209
580 443 703 506 134
1270 441 1325 496 C.
1368 441 1684 495 SVETONI
1720 440 2161 505 TRANQVILLI

568 610 894 689 tempus,
943 627 1089 688 quo
1137 603 1361 669 uobis
1398 627 1716 687 aequum
1756 605 2015 688 possit
2050 604 2303 667 uideri
2342 604 2517 667 dare
2554 625 2688 668 uos
2727 603 2863 666 ali-

576 735 792 798 quam
840 713 1225 776 senectuti
1275 734 1474 775 meae
1519 712 1876 795 requiem.

463 818 551 885 25
749 818 1106 883 Cunctandi
1155 839 1344 881 causa
1390 821 1526 880 erat
1568 821 1777 880 metus
1814 816 2097 899 undique
2135 816 2608 880 imminentium
2649 817 2864 880 discri-

571 927 844 1010 minum,
881 930 955 989 ut
994 946 1184 1008 saepe
1221 924 1481 1008 lupum
1521 945 1595 987 se
1634 923 1951 987 auribus
1987 927 2248 986 tenere
2286 922 2540 986 diceret.
2612 944 2762 986 nam
2801 927 2863 986 et

570 1054 793 1096 seruus
830 1031 1160 1119 Agrippae
1209 1029 1500 1095 Clemens
1544 1031 1805 1094 nomine
1850 1052 1979 1094 non
2029 1029 2557 1093 contemnendam
2603 1052 2865 1094 manum
2920 1053 2946 1094 5

569 1139 636 1202 in
681 1140 994 1203 ultionem
1046 1138 1291 1202 domini
1337 1141 1741 1220 compararat
1787 1141 1850 1200 et
1892 1136 1962 1200 L.
2003 1135 2377 1200 Scribonius
2413 1135 2577 1200 Libo
2615 1137 2718 1200 uir
2753 1158 2864 1200 no-

572 1245 723 1311 bilis
769 1268 871 1309 res
917 1267 1121 1308 nouas
1168 1245 1333 1307 clam
1381 1244 1771 1308 moliebatur
1815 1247 1879 1306 et
1925 1242 2164 1326 duplex
2210 1243 2438 1307 seditio
2477 1242 2760 1307 militum
2796 1243 2863 1305 in

498 1371 530 1417 2
568 1350 830 1435 Illyrico
878 1356 941 1415 et
988 1353 1055 1416 in
1112 1350 1454 1415 Germania
1498 1353 1722 1414 exorta
1767 1354 1879 1413 est.
1962 1350 2346 1436 flagitabant
2392 1350 2581 1413 ambo
2629 1351 2863 1414 exerci-

570 1463 675 1522 tus
713 1458 918 1522 multa
955 1462 1136 1521 extra
1175 1457 1481 1540 ordinem,
1520 1462 1669 1521 ante
1711 1456 1927 1520 omnia
1962 1460 2036 1519 ut
2074 1460 2502 1539 aequarentur
2546 1457 2862 1539 stipendio

566 1565 1094 1648 praetoriani<s>.
1210 1562 1683 1628 Germaniciani
1747 1562 2004 1646 quidem
2079 1564 2272 1626 etiam
2343 1563 2697 1646 principem
2763 1563 2949 1626 de-1o

567 1671 930 1735 tractabant
984 1693 1114 1734 non
1170 1693 1207 1734 a
1261 1693 1328 1734 se
1385 1671 1606 1734 datum
1666 1663 2041 1752 summaque
2096 1669 2164 1732 ui
2223 1667 2694 1753 Germanicum,
2752 1671 2861 1752 qui

564 1782 706 1842 tum
755 1778 834 1841 iis
879 1782 1188 1862 praeerat,
1235 1778 1315 1841 ad
1353 1778 1802 1861 capessendam
1840 1799 1976 1840 rem
2013 1800 2073 1860 p.
2112 1776 2448 1862 urgebant,
2496 1799 2862 1860 quanquam

568 1885 905 1949 obfirmate
962 1886 1384 1949 resistentem.
1481 1906 1673 1968 quem
1732 1884 2008 1947 maxime
2065 1905 2281 1947 casum
2335 1884 2594 1966 timenS,
2649 1886 2863 1965 partes

568 1992 695 2055 sibi
743 2014 902 2075 quas
949 1992 1199 2055 senatui
1246 1991 1494 2075 liberet,
1540 1991 1810 2054 tuendas
1847 1991 1914 2053 in
1961 2012 2029 2053 re
2066 2013 2124 2074 p.
2168 1990 2560 2074 depoposcit,
2607 1989 2861 2073 quando

567 2101 905 2163 uniuersae
970 2096 1263 2162 sufficere
1328 2098 1503 2162 solus
1567 2119 1755 2160 nemo
1820 2101 2038 2180 posset
2102 2097 2226 2160 nisi
2290 2118 2435 2160 cum
2500 2097 2702 2160 altero
2758 2096 2864 2159 uel
2893 2119 2945 2158 15

499 2223 531 2271 3
571 2206 765 2270 etiam
813 2228 957 2270 cum
1011 2205 1325 2290 pluribuS.
1408 2204 1740 2267 simulauit
1785 2206 1850 2265 et
1894 2202 2345 2288 ualitudinem,
2391 2225 2518 2286 quo
2566 2205 2862 2286 aequiore

573 2315 787 2377 animo
833 2311 1246 2376 Germanicus
1295 2312 1564 2375 celerem
1613 2309 2076 2373 successionem
2121 2309 2227 2373 uel
2274 2313 2445 2373 certe
2490 2310 2859 2373 societatem

568 2422 967 2504 principatus
1032 2419 1451 2503 opperiretur.
1545 2416 1925 2500 compositis
1990 2416 2414 2480 seditionibus
2471 2414 2859 2480 Clementem

569 2547 823 2610 quoque
887 2526 1110 2588 fraude
1176 2526 1511 2608 deceptum
1577 2522 1825 2608 redegit
1889 2523 1956 2586 in
2028 2527 2430 2605 potestatem.
2530 2521 2862 2604 Libonem,

565 2655 646 2696 ne
695 2633 850 2717 quid
896 2633 964 2695 in
1010 2631 1300 2693 nouitate
1347 2629 1636 2693 acerbius
1693 2629 1901 2714 fieret,
1956 2629 2231 2692 secundo
2281 2629 2536 2692 demum
2583 2649 2748 2691 anno
2796 2628 2860 2691 in
2892 2652 2945 2691 20

568 2743 797 2803 senatu
852 2738 1172 2823 coarguit,
1228 2737 1440 2800 medio
1496 2736 1808 2819 temporis
1863 2735 2072 2819 spatio
2130 2739 2383 2798 tantum
2440 2756 2663 2799 cauere
2720 2757 2861 2798 con-

567 2850 813 2930 tentus3
857 2867 1008 2908 nam
1056 2848 1120 2908 et
1166 2844 1335 2907 inter
1369 2843 1707 2926 pontifices
1746 2841 2127 2905 sacrificanti
2168 2833 2365 2905 simul
2399 2863 2515 2925 pro
2555 2842 2865 2925 secespita
2967 2900 2973 2905 .

571 2952 948 3037 plumbeum
1007 2951 1287 3015 cultrum
1343 2949 1785 3013 subiciendum
1842 2948 2091 3012 curauit
2148 2953 2211 3011 et
2257 2952 2570 3012 secretum
2617 2949 2861 3032 petenti

576 3081 706 3122 non
754 3059 873 3122 nisi
926 3058 1216 3122 adhibito
1255 3056 1469 3120 Druso
1517 3057 1652 3120 filio
1703 3056 1875 3119 dedit
1924 3056 2341 3138 dextramque
2388 3055 2861 3118 obambulantis

575 3165 780 3229 ueluti
827 3165 1220 3249 incumbenS,
1268 3163 1480 3247 quoad
1523 3165 1940 3248 perageretur
1985 3183 2215 3246 serm0,
2261 3162 2594 3226 continuit.
2892 3186 2943 3225 25

482 3272 575 3357 26
754 3272 999 3336 Verum
1045 3271 1353 3335 liberatus
1400 3275 1577 3333 metu
1632 3269 1889 3332 ciuilem
1946 3269 2289 3332 admodum
2345 3269 2513 3331 inter
2557 3269 2744 3332 initia
2791 3291 2862 3332 ac

573 3380 767 3464 paulo
825 3380 1038 3443 minus
1095 3402 1286 3462 quam
1342 3377 1672 3461 priuatum
1730 3376 1879 3462 egit.
1971 3397 2049 3438 ex
2095 3376 2391 3458 plurimis
2439 3376 2861 3459 maximisque

566 3485 925 3550 honoribus
981 3489 1234 3569 praeter
1289 3505 1528 3568 paucos
1584 3487 1646 3545 et
1704 3482 1989 3546 modicos
2044 3504 2175 3545 non
2235 3481 2491 3566 recepit.
2582 3482 2861 3545 natalem

565 3614 758 3654 suum
824 3591 1068 3674 plebeis
1134 3591 1564 3654 incurrentem
1631 3588 2019 3652 circensibus
2083 3588 2197 3651 uix
2259 3589 2450 3652 unius
2514 3589 2703 3675 bigae
2759 3589 2861 3651 ad—

570 3697 844 3761 iectione
890 3698 1195 3762 honorari
1241 3719 1466 3782 passus
1506 3701 1617 3759 est.
1702 3696 1963 3778 templa,
2010 3695 2319 3780 flamines,
2366 3697 2723 3759 sacerdotes
2763 3696 2861 3758 de·
2891 3720 2947 3759 30

716 3942 742 3988 1
785 3936 938 4004 quod
970 3936 1020 3989 G
1167 3942 1196 3988 3
1238 3936 1399 3989 erant
1430 3936 1497 3987 M
1508 3933 1523 3963 ¹
1671 3938 1700 3982 6
1740 3935 2028 4000 comparat
2065 3933 2213 3993 MG,
2262 3936 2511 3987 -rauerat
2544 3935 2593 3986 Τ
2734 3939 2764 3985 8
2803 3934 2861 3985 111

561 4033 668 4071 θυι.
704 4017 754 4070 G
921 4022 984 4068 10
1023 4016 1411 4085 praetorianis.
1470 4010 1886 4066 Germaniciani
1925 4011 2152 4078 quidem
2190 4013 2497 4081 Stephanus
2534 4012 2862 4082 (praetoria-

566 4097 655 4149 nis
694 4115 719 4149 e
748 4099 861 4150 cod.
902 4098 1234 4150 Tornacensi
1262 4098 1422 4162 affert
1455 4090 1783 4156 Glareanus,
1814 4092 2040 4158 quidem
2070 4101 2347 4162 tamquam
2375 4112 2440 4147 ex
2467 4095 2644 4148 eodem
2672 4095 2860 4162 Torva),

564 4176 913 4244 praetoriani
951 4175 1359 4245 germaniciani
1387 4174 1579 4243 (-tiani
1603 4173 1674 4241 G)
1706 4171 1936 4239 quidam
1960 4176 2033 4226 M
2034 4174 2084 4226 G
2099 4175 2213 4240 VL,
2266 4173 2608 4243 praetoriani
2646 4191 2858 4243 germa-

567 4254 807 4308 nicianis
847 4257 1064 4324 (-tianis
1096 4259 1162 4322 P,
1202 4276 1226 4309 s
1264 4258 1390 4322 fort.
1421 4256 1547 4309 add.
1579 4273 1646 4307 m.
1678 4258 1750 4327 2).
1792 4256 2030 4322 Quidam
2067 4255 2274 4319 Y'PO,
2321 4255 2691 4323 praetorianis
2731 4253 2861 4307 Ger—

568 4334 889 4388 maniciani.
924 4335 1164 4399 Quidam
1184 4339 1261 4391 ed.
1288 4338 1414 4391 Αἶά.
1438 4343 1582 4391 1516
1683 4338 2079 4393 detractabant
2100 4338 2237 4401 MT,
2258 4336 2495 4390 detrect-
2515 4337 2606 4389 rel.
2707 4341 2771 4388 12
2800 4339 2861 4388 re

564 4419 622 4484 p.
654 4414 931 4482 urgebant
952 4430 1008 4484 (p
1030 4419 1090 4469 in
1109 4420 1239 4485 ras.)
1265 4420 1350 4483 M,
1378 4434 1495 4470 rem
1514 4419 1838 4488 purgabant
1861 4419 1928 4484 G,
1947 4433 2063 4469 rem
2090 4415 2410 4486 purgebant
2442 4415 2567 4469 V²T
2677 4422 2741 4469 15
2772 4415 2860 4468 uel

565 4513 669 4548 om.
689 4495 739 4548 G
834 4502 897 4549 16
920 4497 1300 4565 compluribus
1319 4501 1378 4550 H
1464 4505 1529 4550 22
1552 4499 1660 4552 sibi
1681 4499 1740 4551 ul
1760 4500 1810 4553 G
1902 4498 2177 4568 secespita
2200 4499 2285 4559 M,
2315 4496 2574 4564 secespiti
2600 4496 2695 4563 (—ci
2718 4497 2790 4563 Τ)
2813 4499 2869 4548 X

568 4581 639 4628 26
671 4578 735 4627 ut
766 4581 889 4644 post
926 4582 1080 4630 metu
1119 4579 1247 4631 add.
1282 4581 1334 4633 V
1470 4585 1536 4631 28
1576 4597 1685 4632 non
1719 4579 1980 4650 (ullum)
2003 4579 2178 4631 Polalc
2323 4582 2388 4629 29
2429 4575 2638 4629 adiecit
2678 4578 2730 4630 V
