3325 5209
595 420 721 485 158
1285 420 1340 475 C.
1382 419 1696 474 SVETONI
1733 418 2177 485 TRANQVILLI

491 583 581 648 70
767 583 960 648 Artes
988 623 993 629 ·
1025 583 1322 648 liberales
1386 584 1723 666 utriusque
1762 576 2048 669 'generis
2125 579 2594 648 studiosissime
2661 580 2880 647 coluit.

589 690 657 753 in
722 690 1011 755 oratione
1065 691 1296 755 Latina
1361 694 1615 755 secutus
1681 694 1779 754 est
1843 689 2197 755 Coruinum
2261 688 2631 772 Messalam,
2692 709 2882 771 quem

592 819 805 861 senem
841 786 1229 862 'adulescens
1286 797 1672 862 obseruarat.
1757 797 1868 860 sed
1916 796 2341 861 adfectatione
2397 800 2460 860 et
2505 794 2883 859 morositate

589 904 790 968 nimia
847 904 1231 969 obscurabat
1296 903 1545 987 stilum,
1608 907 1686 967 ut
1739 904 2071 986 aliquanto
2130 925 2206 968 ex
2261 907 2551 987 tempore
2607 924 2799 985 quam
2846 924 2883 965 a

498 1028 551 1075 ·2
590 1031 741 1074 cura
792 1011 1227 1095 praestantior
1277 1011 1640 1075 haberetur.
1734 1011 2099 1095 composuit
2153 1015 2218 1074 et
2278 1032 2531 1075 carmen
2584 1009 2883 1093 lyricum,
2938 1032 2964 1073 5

592 1117 773 1180 cuius
823 1122 919 1181 est
965 1118 1194 1183 titulus
1242 1118 1699 1202 conquestio
1748 1118 1832 1181 de
1879 1122 2123 1182 morte
2170 1116 2242 1180 L.
2293 1115 2658 1180 Caesaris.
2732 1116 2884 1180 fecit

591 1228 654 1288 et
720 1223 959 1288 Graeca
1013 1230 1318 1311 poemata
1382 1225 1674 1290 imitatus
1739 1223 2226 1308 Euphorionem
2302 1227 2367 1288 et
2429 1222 2754 1286 Rhianum
2820 1226 2884 1285 et

588 1331 1034 1418 Parthenium,
1091 1334 1323 1416 quibus
1382 1333 1592 1417 poetis
1649 1332 1993 1396 admodum
2051 1331 2405 1396 delectatus
2454 1330 2695 1414 scripta
2751 1350 2900 1411 om-v

588 1438 769 1503 nium
817 1444 881 1504 et
927 1441 1239 1526 imagines
1284 1439 1562 1524 publicis
1608 1430 2022 1503 bibliothecis
2079 1440 2251 1502 inter
2295 1433 2546 1503 ueteres
2593 1441 2659 1500 et
2703 1457 2882 1520 prae-

528 1582 532 1586 *
591 1546 816 1631 cipuos
863 1551 1155 1611 auctores
1202 1547 1547 1631 dedicauit3
1594 1550 1659 1611 et
1707 1546 1789 1611 ob
1828 1547 1953 1610 hoc
1988 1546 2280 1632 plerique
2321 1545 2715 1609 eruditorum
2754 1564 2883 1606 cer·
2914 1569 2965 1606 ιο

519 1668 550 1716 3
587 1654 777 1717 tatim
825 1654 904 1717 ad
947 1677 1091 1719 eum
1129 1655 1334 1718 multa
1372 1654 1447 1718 de
1485 1653 1587 1718 his
1626 1646 2000 1718 ediderunt(
2062 1653 2340 1717 maxime
2378 1656 2595 1715 tamen
2633 1650 2885 1716 curauit

587 1760 886 1824 notitiam
934 1759 1239 1826 historiae
1284 1761 1594 1825 fabularis
1640 1783 1845 1844 usque
1893 1760 1973 1824 ad
2019 1760 2296 1844 ineptias
2344 1763 2536 1841 atque
2576 1757 2884 1840 derisum3

588 1877 735 1930 nam
805 1871 868 1930 et
931 1868 1413 1954 grammaticos,
1480 1868 1654 1950 quod
1719 1889 1920 1953 genus
1984 1867 2321 1932 hominum
2376 1865 2747 1951 praecipue,
2810 1867 2884 1927 ut

590 1973 887 2059 diximus,
926 1974 1287 2061 appetebat,
1325 1976 1462 2039 eius
1499 1958 1676 2039 modi
1712 1965 1845 2039 fere
1884 1973 2367 2057 quaestionibus
2407 1972 2883 2057 experiebatur:

590 2101 776 2164 quae
822 2067 1064 2146 mater
1108 2081 1495 2165 Hecubae,
1551 2081 1752 2165 quod
1797 2079 2095 2147 Achilli
2140 2101 2414 2144 nomen
2469 2079 2674 2143 inter
2729 2079 2882 2143 uir-
2918 2104 2965 2142 ις)

588 2187 804 2272 gines
869 2188 1174 2272 fuisset,
1237 2189 1420 2272 quid
1486 2187 1793 2252 Sirenes
1861 2192 2169 2251 cantare
2218 2187 2376 2250 sint
2439 2186 2735 2251 solitae.
2821 2189 2885 2249 et

589 2315 715 2378 quo
753 2296 1035 2379 primum
1075 2296 1177 2361 die
1213 2299 1364 2380 post
1402 2317 1735 2359 excessum
1771 2292 2057 2380 Augusti
2094 2293 2337 2359 curiam
2367 2293 2662 2377 intrauit,
2701 2293 2884 2375 quasi

586 2400 814 2485 pietati
854 2402 1078 2467 *simul
1149 2423 1222 2465 ac
1283 2401 1584 2487 religioni
1660 2401 1817 2464 satis
1889 2401 2176 2465 facturus
2240 2399 2524 2463 Minonis
2589 2399 2882 2483 exemplo

588 2511 731 2571 ture
796 2509 1053 2592 quidem
1117 2530 1191 2574 ac
1262 2510 1415 2573 uino
1490 2532 1715 2573 uerum
1790 2508 1927 2573 sine
1991 2499 2257 2572 tibicine
2331 2506 2747 2591 supplicauit,
2811 2508 2886 2569 ut

486 2611 523 2676 7
532 2610 697 2678 lille
744 2616 899 2679 olim
960 2616 1028 2678 in
1082 2621 1289 2680 morte
1344 2617 1481 2681 filii.
1567 2637 1860 2680 sermone
1910 2615 2150 2679 Graeco
2199 2637 2588 2700 quamquam
2640 2613 2884 2695 alioqui
2912 2638 2966 2677 20

586 2726 922 2805 promptus
979 2726 1043 2786 et
1097 2723 1306 2787 facilis
1317 2775 1334 2806 ,
1389 2745 1519 2787 non
1576 2727 1792 2787 tamen
1847 2743 2050 2806 usque
2108 2744 2359 2806 quaque
2416 2743 2568 2785 usus
2624 2724 2721 2784 est
2777 2720 2883 2783 ab·

524 2854 528 2857 ’
587 2828 945 2913 stinuitque
999 2829 1278 2895 maxime
1334 2831 1401 2893 in
1457 2834 1711 2914 senatu3
1769 2830 1925 2894 adeo
1962 2822 2271 2912 quidem,
2319 2833 2391 2893 ut
2437 2827 2882 2911 monopolium

586 2935 1035 3000 nominaturus
1090 2936 1344 3002 ueniam
1400 2937 1580 3022 prius
1626 2937 2033 3022 postularet,
2069 2937 2243 3019 quod
2289 2936 2414 3000 sibi
2460 2935 2661 3000 uerbo
2708 2957 2884 3018 pere·

587 3042 773 3127 grino
828 3044 1137 3107 utendum
1193 3048 1375 3109 esset.
1454 3050 1645 3128 atque
1704 3044 1897 3108 etiam
1933 3065 2100 3107 -cum
2161 3042 2226 3105 in
2282 3042 2560 3125 quodam
2627 3043 2881 3105 decreto

585 3153 843 3232 patrum
888 3146 1189 3234 ἒμβλημα
1234 3151 1639 3234 recitaretur,
1688 3150 2206 3215 commutandam
2255 3149 2503 3212 censuit
2548 3170 2771 3212 uocem
2818 3152 2883 3212 et
2911 3169 2962 3207 25

489 3252 495 3271 ⁴
568 3277 703 3340 pro
765 3258 1104 3344 peregrina
1168 3261 1519 3322 nostratem
1584 3257 2033 3340 requirendam
2089 3259 2228 3339 aut,
2284 3256 2340 3319 si
2396 3278 2525 3320 non
2580 3256 2884 3339 reperire·
2933 3344 2938 3348 ἱ

586 3366 709 3448 tur,
757 3363 862 3427 uel
897 3364 1195 3447 pluribus
1234 3369 1297 3428 et
1332 3387 1449 3448 per
1486 3364 1802 3429 ambitum
1849 3364 2196 3428 uerborum
2234 3385 2369 3427 rem
2408 3363 2883 3427 enuntiandam.

711 3520 758 3626 x1
798 3576 1077 3629 Einhard.
1108 3580 1183 3629 25
1222 3579 1371 3628 artes
1409 3575 1674 3629 liberales
1700 3544 2126 3629 ,studiosissime
2165 3574 2357 3628 coluit.
2516 3581 2549 3627 4
2588 3575 2743 3642 Epit.
2772 3578 2826 3640 2,
2848 3579 2882 3628 5

585 3653 894 3723 repentinis
932 3655 1388 3724 responsionibus
1419 3659 1518 3709 aut
1547 3655 1798 3710 consiliis
1827 3655 2026 3709 melior
2055 3672 2224 3724 quam
2250 3653 2557 3708 meditatis.
2606 3655 2674 3720 cf.
2701 3655 2883 3708 Victor

589 3734 736 3789 Gaea.
767 3739 820 3801 2,
844 3740 873 3788 1
912 3734 1138 3805 ingenio
1180 3737 1252 3789 ad
1288 3736 1583 3805 repentina
1619 3735 1788 3805 longe
1829 3734 2056 3817 acriore.

731 3918 762 3966 6
803 3913 1188 3982 conquaesitio
1220 3916 1313 3979 M,
1363 3913 1712 3982 conquesitio
1751 3914 1880 3980 VL,
1929 3913 2266 3981 conquisitio
2299 3917 2383 3967 Τδ
2536 3918 2566 3965 8
2607 3911 2877 3982 omnium]

586 4011 776 4048 eorum
813 3995 963 4064 παῖς.
1000 4001 1123 4062 post
1158 3995 1275 4048 edd.
1306 3996 1487 4063 princ.
1529 3993 1754 4063 (quibus
1801 4012 1969 4062 usque
2011 3994 2260 4047 omnium
2296 4012 2397 4048 om.
2431 3993 2599 4062 LP¹)‚
2647 3992 2879 4061 omni<a

586 4075 820 4147 eor>um
858 4075 1299 4144 Sakcllaropulos
1429 4082 1491 4129 12
1534 4075 1728 4146 atque]
1769 4075 1827 4127 et
1858 4074 1909 4128 G
2047 4079 2110 4126 18
2150 4068 2384 4128 facturis
2416 4076 2491 4128 M
2495 4073 2513 4105 ¹
2636 4071 2877 4125 minonis

585 4155 729 4224 (mjl-
776 4157 846 4223 T)
887 4153 1177 4223 MX‘HR‚
1222 4155 1423 4209 minois
1467 4155 1569 4224 GQ
1614 4154 1704 4221 (cf.
1750 4153 1930 4208 Galba
1965 4157 2023 4223 2)
2241 4160 2306 4208 19
2345 4155 2509 4208 thure
2559 4153 2882 4223 GHQLPT

586 4240 653 4288 20
703 4233 954 4303 alioquin
1007 4235 1144 4289 G¹X
1183 4237 1265 4304 (in
1305 4236 1356 4289 G
1402 4252 1537 4290 corr.
1576 4252 1644 4288 m.
1685 4236 1964 4303 antiqua),
2022 4233 2164 4287 alias
2212 4252 2245 4293 ς
2291 4235 2429 4303 (edd.
2469 4236 2626 4289 Rom.
2667 4233 2797 4286 Vcn.
2827 4233 2878 4299 I,

585 4317 755 4384 uuly.)
894 4321 960 4368 23
997 4316 1151 4384 prius
1187 4314 1416 4369 ueniam
1444 4316 1559 4385 HQ
1596 4315 1788 4384 (uuly.)
1914 4314 2218 4383 postularit
2247 4317 2521 4369 Erasmus
2645 4318 2713 4366 24
2752 4313 2878 4365 cum

577 4402 703 4463 post
737 4397 963 4463 patrum
1000 4402 1222 4463 ponunt
1249 4398 1309 4448 H
1319 4395 1364 4465 Q
1522 4401 1588 4448 25
1640 4394 1965 4449 ΕΜΒΛΕΜὰ
2004 4398 2080 4448 M
2088 4396 2232 4451 VLS
2266 4397 2330 4465 (ὰ
2365 4413 2465 4464 pro
2504 4397 2545 4446 Λ
2585 4395 2646 4447 in
2684 4393 2875 4462 LST)‚

585 4478 787 4530 lacuna
824 4476 887 4527 in
926 4476 991 4542 P,
1030 4493 1128 4529 om.
1167 4478 1217 4529 Τ
1337 4474 1617 4528 censuerit
1645 4476 1917 4529 Erasmus
2039 4481 2106 4529 26
2143 4476 2444 4529 nostratim
2475 4477 2547 4528 M
2549 4475 2636 4529 G&
2755 4473 2875 4543 aut]

583 4559 647 4609 ut
677 4559 753 4609 M
889 4572 1002 4609 non
1039 4573 1137 4610 om.
1171 4557 1225 4610 V
1362 4562 1426 4609 27
1465 4555 1653 4609 uerbis
1691 4556 1923 4625 Bentley
