3325 5209
1154 390 1610 446 DOMITIANVS
1650 401 1781 451 [mr.
1813 402 1987 451 17—20]
2591 390 2717 457 351

433 577 597 641 quae
652 559 871 620 tamen
928 556 986 620 ei
1040 554 1397 633 ualitudine
1452 557 1649 642 longa
1702 557 2195 625 remacrueaeant.
2286 553 2723 625 commendari
2759 571 2794 617 2

431 684 498 726 se
544 660 927 727 uerecundia
975 663 1103 727 oris
1150 663 1307 728 adeo
1355 663 1690 746 sentiebat,
1737 664 1812 726 ut
1842 661 2021 745 apud
2056 665 2352 726 senatum
2392 661 2484 726 sic
2523 683 2720 744 quon-

429 770 571 833 dam
633 770 997 834 iactauerit:
1065 792 1305 853 usque
1364 770 1609 833 adhoc
1675 774 1883 834 certe
1943 772 2016 832 et
2076 768 2409 835 animum
2473 789 2715 832 meum

424 876 824 960 probastis
865 880 937 940 et
972 877 1291 942 uultum.
1375 875 1636 941 caluitio
1675 877 1768 941 ita
1805 874 2263 960 offendebatur,
2299 879 2374 939 ut
2402 876 2471 938 in
2499 879 2721 961 contu,-

371 1009 395 1049 5
424 982 682 1047 meliam
730 1005 909 1049 suam
946 983 1247 1066 traheret,
1295 981 1350 1047 si
1398 982 1501 1048 cui
1540 982 1650 1047 alii
1689 983 1832 1047 ioco
1871 981 1975 1050 uel
2012 983 2224 1068 iurgio
2266 981 2718 1065 obiectaretur3

429 1088 993 1173 quamuislibello,
1032 1111 1220 1172 quem
1263 1089 1348 1154 de
1387 1109 1566 1154 cura
1594 1088 2056 1172 capillorum
2086 1088 2163 1153 ad
2194 1089 2472 1153 amicum
2502 1086 2722 1171 edidit,

427 1198 582 1261 haec
628 1197 839 1281 etiam,
886 1195 1080 1260 simul
1126 1196 1312 1261 illum
1351 1217 1548 1279 seque
1585 1195 1944 1279 consolans,
1990 1196 2332 1269 inseruerit
2375 1195 2604 1279 (Hom.
2637 1194 2718 1259 Il.

424 1308 528 1387 21,
573 1304 765 1386 108>2

743 1410 865 1494 οὐχ
912 1410 1218 1497 ὁρά<ᾳ>ς,
1267 1401 1407 1487 οἶος
1451 1410 1631 1493 κάγὼ
1679 1390 1878 1486 uasto}
1921 1433 1991 1475 τε
2034 1408 2238 1492 μέγας
2283 1429 2387 1486 τες

347 1561 399 1602 ιο
427 1536 681 1599 eadem
747 1558 857 1600 me
921 1540 1174 1600 tamen
1240 1539 1545 1600 manent
1608 1534 2072 1619 capillorum
2136 1534 2324 1617 fata,
2388 1537 2461 1598 et
2522 1532 2750 1614 fortiv

423 1643 671 1706 animo
709 1642 877 1706 fero
923 1663 1206 1707 comam
1238 1643 1314 1706 in
1342 1642 1875 1707 adulescentia
1903 1644 2440 1705 senescentem.
2515 1639 2716 1704 scias

421 1771 556 1814 nec
601 1749 902 1835 gratius
953 1749 1359 1833 quicquam
1407 1749 1674 1813 decore
1720 1769 1855 1813 nec
1901 1748 2230 1812 breuius.
2314 1746 2556 1812 laboris
2593 1744 2826 1811 im-19

421 1858 672 1940 patiens
732 1855 1005 1939 pedibus
1060 1877 1175 1940 per
1229 1855 1456 1929 urbem
1510 1877 1645 1920 non
1700 1859 1939 1920 temere
1986 1855 2363 1939 ambulauit,
2419 1855 2488 1918 in
2532 1875 2717 1937 expe-

423 1962 665 2026 ditione
730 1966 794 2026 et
858 1962 1113 2050 agmine
1179 1985 1347 2046 equo
1413 1962 1639 2046 rariuS‚
1701 1963 1932 2027 lectica
1996 1963 2248 2027 assidue
2312 1965 2537 2025 uectus
2601 1965 2714 2025 est.

341 2094 392 2135 ιε
422 2091 746 2134 armorum
805 2070 1007 2154 nullo,
1066 2069 1446 2155 sagittarum
1510 2071 1618 2134 uel
1676 2071 2020 2154 praecipuo
2083 2069 2295 2133 studio
2360 2069 2692 2133 tenebatur

420 2181 717 2251 centenas
782 2177 947 2242 uarii
1012 2176 1263 2263 generis
1325 2176 1494 2241 feras
1560 2197 1749 2260 saepe
1809 2176 1879 2240 in
1937 2174 2194 2240 Albano
2256 2196 2508 2239 secessu
2569 2161 2714 2239 con-

401 2284 739 2349 ficientem
801 2289 1173 2369 spectauere
1238 2284 1529 2367 plerique
1589 2270 1784 2367 atque
1844 2285 2041 2347 etiam
2102 2304 2181 2346 ex
2244 2283 2562 2347 industria
2622 2280 2717 2345 ita

418 2392 816 2474 quarundam
874 2392 1085 2475 capita
1139 2392 1472 2478 figentem,
1526 2396 1602 2455 ut
1656 2389 1908 2456 duobus
1954 2389 2191 2455 ictibus
2240 2390 2427 2472 quasi
2472 2410 2715 2454 cornua
2787 2427 2793 2433 -

417 2497 712 2562 efficeret.
792 2520 1276 2582 nonnumquam
1324 2497 1393 2562 in
1437 2498 1622 2582 pueri
1656 2499 1896 2582 'procul
1943 2497 2176 2562 stantis
2213 2494 2714 2581 praebentisque

338 2628 389 2668 20
418 2626 537 2687 pro
586 2604 851 2688 scopulo
901 2606 1264 2688 dispansam
1306 2605 1603 2669 dexterae
1641 2626 1868 2668 manus
1905 2604 2188 2688 palmam
2225 2604 2494 2689 sagittas
2532 2607 2714 2668 tanta

419 2714 554 2775 arte
603 2712 868 2796 derexit,
922 2716 997 2775 ut
1044 2732 1265 2774 omnes
1311 2733 1426 2794 per
1463 2711 1804 2776 interualla
1824 2794 1829 2799 ψ
1851 2710 2202 2795 digitorum
2250 2711 2522 2774 innocue
2569 2731 2712 2773 eua-

419 2816 656 2881 derent.

592 2921 915 2997 Liberalia
950 2925 1164 2988 studia
1200 2913 1456 3008 imperii
1492 2923 1680 2989 initio
1717 2924 2023 3010 neglexit,
2072 2945 2443 3007 quanquam
2480 2922 2710 2989 biblio·
2727 2935 2821 3002 20

415 3033 637 3097 thecas
709 3031 1003 3096 incendio
1079 3022 1451 3114 absumptas
1522 3031 1993 3116 impensissime
2053 3052 2348 3114 reparare
2411 3023 2732 3118 curasset,

335 3162 385 3202 25
415 3138 886 3224 exemplaribus
939 3139 1224 3221 undique
1270 3139 1491 3222 petitis
1538 3138 1886 3221 missisque
1931 3137 2401 3205 Alexandream
2451 3141 2562 3223 qui
2608 3140 2711 3203 de-

416 3246 767 3313 scriberent
803 3247 1363 3328 emendarentque.
1435 3267 1792 3328 numquam
1831 3249 2048 3310 tamen
2085 3249 2196 3310 aut
2231 3240 2541 3311 historiae
2578 3267 2710 3312 car-

557 3461 639 3509 15.
664 3461 729 3509 19
760 3458 916 3526 Epit.
938 3462 1024 3523 11,
1046 3460 1081 3511 5
1101 3457 1436 3528 sagittarum
1459 3459 1579 3510 tam
1599 3457 1797 3512 doctus
1816 3455 1941 3523 fuit,
1969 3458 2036 3510 ut
2053 3456 2201 3510 inter
2219 3459 2478 3525 patentes
2499 3457 2711 3528 digitos

412 3538 670 3590 extentae
699 3555 897 3591 manus
924 3537 1034 3592 uiri
1062 3538 1258 3607 procul
1287 3538 1458 3606 positi
1487 3537 1706 3606 spicula
1733 3537 2162 3591 transuolarent.
2283 3542 2350 3590 23
2391 3537 2545 3606 Epit.
2569 3543 2653 3604 11,
2673 3543 2710 3592 4

408 3616 782 3671 bibliothecas
811 3617 1069 3672 incendio
1099 3620 1456 3686 consumptas
1483 3618 1691 3686 petitis⁴
1706 3617 1973 3685 undique,
2001 3617 2331 3690 praesertim
2350 3616 2709 3685 Alexandria,

411 3697 680 3766 exemplis
717 3699 1020 3767 reparauit.

555 3898 582 3947 1
614 3892 964 3947 ualitudine*
997 3895 1072 3948 M
1245 3895 1659 3947 remarcuerant
1692 3894 1759 3959 G,
1799 3896 2185 3947 emacruerant
2218 3894 2476 3964 Bentley,
2515 3894 2711 3948 Duker

411 3970 683 4041 (longiore
710 3989 886 4026 maor·
915 3974 1203 4043 Iernstedt)
1412 3979 1442 4026 2
1481 3973 1764 4044 gestiebat
1791 3975 2062 4028 Heinsius
2269 3980 2300 4026 3
2339 3973 2522 4026 adhuc
2550 3973 2704 4040 11195

410 4052 586 4119 (edd),
628 4051 693 4104 a}
721 4052 828 4106 hoc
855 4070 924 4108 ss.
957 4052 1040 4107 11²
1158 4056 1214 4106 et
1234 4069 1335 4107 om.
1363 4056 1412 4106 Τ
1536 4059 1567 4106 9
1604 4071 1672 4108 88.
1701 4070 1815 4108 non
1845 4056 1998 4123 (num
2027 4052 2112 4122 δ”)
2141 4052 2302 4107 uides
2331 4055 2394 4106 tu
2425 4054 2706 4120 quomodo

409 4148 513 4200 ego
541 4130 721 4186 bonus
751 4135 808 4186 et
835 4150 1071 4203 magnus
1100 4135 1162 4187 iu
1191 4133 1289 4188 LS
1438 4138 1504 4188 10
1542 4151 1631 4187 me
1659 4136 1891 4188 manent
1917 4136 2104 4187 tamen
2139 4134 2349 4203 POST,
2385 4136 2575 4187 tamen
2613 4143 2706 4187 me

406 4214 637 4265 manent
666 4233 714 4280 ρ,
752 4231 841 4267 me
879 4216 1070 4268 tamen
1107 4216 1396 4267 remanent
1423 4216 1486 4268 H
1606 4214 1761 4267 facta
1788 4218 1847 4267 X
1968 4220 2032 4268 19
2073 4214 2366 4284 effingeret
2393 4215 2707 4268 Beroaldus

408 4295 475 4343 20
523 4309 691 4360 scopo
744 4293 1051 4363 Stephanus
1094 4294 1284 4364 (παῖς.)
1483 4294 1797 4363 dispassam
1844 4295 1895 4349 G
2093 4300 2157 4347 21
2214 4294 2429 4349 derexit
2481 4313 2505 4348 ε
2558 4297 2704 4362 (teste

407 4373 891 4443 Preud'hommio),
930 4374 1206 4427 detexerit
1238 4375 1308 4444 Q,
1346 4373 1552 4428 direxit
1589 4374 1750 4444 (dirr-
1777 4377 1847 4443 P)
1886 4376 1978 4430 rel.
2162 4375 2434 4429 innocuae
2471 4376 2705 4444 Bentley

410 4451 570 4519 Oud„
604 4454 684 4507 sie
721 4455 777 4508 P
808 4461 862 4509 et
893 4455 961 4507 H
993 4454 1126 4523 (eod.
1157 4456 1341 4511 Paris.
1380 4458 1548 4524 8818)
1696 4462 1763 4509 23
1801 4455 2025 4524 imperii
2062 4471 2198 4510 corr.
2236 4472 2302 4508 ex
2347 4454 2582 4522 imperio
2614 4454 2703 4518 M,

405 4534 533 4587 inde
577 4533 813 4602 imperio
859 4534 1000 4589 inito
1047 4535 1279 4606 Bentley
1467 4541 1536 4588 24
1575 4537 1888 4604 assumptas
1925 4536 2052 4589 ΜΤ
2224 4535 2472 4604 reparari
2510 4535 2706 4588 Duker
