3325 5209
1433 1416 1720 1482 OTHO

602 1615 881 1678 Maiores
920 1612 1194 1678 Othonis
1235 1614 1360 1677 orti
1400 1618 1550 1676 sunt
1587 1614 1826 1698 oppido
1868 1614 2185 1699 Ferenti0‚
2221 1614 2466 1678 familia
2502 1619 2716 1679 uetere
2755 1614 2784 1678 l

426 1727 489 1786 et
534 1722 848 1785 honorata
905 1725 1096 1803 atque
1153 1742 1231 1783 ex
1276 1719 1680 1804 principibus
1727 1721 2040 1785 Etruriae.
2134 1743 2292 1784 auus
2338 1720 2423 1784 M.
2464 1719 2722 1785 Saluius

428 1826 621 1910 Oth0,
667 1831 847 1911 patre
885 1827 1099 1909 equite
1136 1825 1232 1909 R„
1278 1831 1482 1890 matre
1518 1827 1753 1891 humili
1790 1829 2105 1892 incertum
2149 1851 2232 1891 an
2268 1829 2562 1913 ingenua,
2609 1851 2725 1912 per

429 1935 703 2019 gratiam
750 1932 974 1997 Liuiae
1011 1933 1362 2019 Augustae,
1409 1933 1475 1996 in
1523 1935 1706 1998 cuius
1755 1934 1945 1998 domo
1985 1939 2288 2017 creuerat,
2335 1938 2589 1998 senator
2626 1939 2723 1998 est

373 2067 398 2106 5
428 2041 634 2104 factus
681 2061 797 2103 nec
846 2045 1181 2123 praeturae
1227 2041 1496 2126 gradum
1544 2042 1832 2105 excessit.

604 2146 793 2210 Pater
839 2146 909 2212 L.
950 2146 1139 2231 Otho,
1184 2151 1473 2212 materno
1514 2169 1746 2232 genere
1782 2148 2111 2230 praeclaro
2151 2148 2624 2231 multarumque
2661 2153 2727 2211 et
2764 2165 2794 2212 2

426 2277 802 2340 magnarum
852 2255 1463 2337 propinquitatium‚
1518 2257 1650 2317 tam
1699 2275 1882 2317 carus
1928 2258 2189 2336 tamque
2234 2275 2364 2316 non
2412 2252 2723 2316 absimilis

427 2362 589 2426 facie
628 2361 886 2425 Tiberio
933 2360 1209 2444 principi
1256 2360 1402 2443 fuit,
1447 2364 1522 2424 ut
1563 2360 1856 2444 plerique
1893 2364 2299 2444 procreatum
2346 2381 2425 2423 ex
2471 2382 2546 2423 eo
2595 2381 2724 2424 cre-

430 2469 663 2531 derent.
765 2467 1046 2530 urbanos
1111 2465 1388 2530 honores
1397 2517 1414 2549 ‚
1474 2467 1998 2550 proconsulatum
2064 2466 2321 2530 Africae
2390 2470 2455 2529 et
2519 2470 2724 2529 extra-

348 2601 400 2640 10
432 2574 753 2637 ordinaria
799 2574 1068 2656 imperia
1116 2574 1519 2637 seuerissime
1567 2574 2059 2638 administrauit.
2144 2595 2334 2637 ausus
2388 2574 2582 2636 etiam
2628 2580 2725 2636 est

430 2681 501 2743 in
536 2678 799 2762 Illyrico
839 2678 1080 2742 milites
1120 2680 1447 2763 quosdam,
1497 2681 1671 2762 quod
1708 2685 1891 2745 motu
1930 2679 2183 2744 Camilli
2221 2703 2299 2743 ex
2334 2680 2727 2764 paenitentia

427 2787 831 2871 praepositos
870 2807 1020 2849 suos
1064 2787 1248 2869 quasi
1288 2787 1664 2851 defectionis
1713 2788 2015 2852 aduersus
2056 2786 2392 2851 Claudium
2436 2790 2726 2850 auctores

430 2893 821 2976 occiderant,
876 2895 1083 2977 capite
1130 2895 1358 2977 punire
1407 2898 1471 2957 et
1519 2895 1778 2978 quidem
1825 2898 1971 2959 ante
2017 2896 2338 2979 principia
2383 2917 2450 2958 se
2497 2915 2727 2976 coram,

430 3001 723 3082 quamuis
764 3000 846 3064 ob
897 3000 961 3063 id
1007 3001 1219 3084 ipsum
1257 3005 1589 3083 promotos
1629 3003 1696 3064 in
1735 3002 2110 3085 ampliorem
2152 3002 2421 3087 gradum
2470 3025 2507 3065 a
2545 2999 2727 3065 Clau-

350 3133 401 3173 15
432 3107 537 3171 dio
586 3108 791 3172 sciret.
879 3128 1007 3191 quo
1046 3107 1219 3170 facto
1260 3108 1427 3170 sicut
1464 3108 1739 3191 gloriam
1777 3109 1974 3191 auxit,
2021 3109 2111 3172 ita
2151 3108 2427 3194 gratiam
2466 3109 2727 3189 minuit3
2767 3125 2798 3171 3

433 3236 623 3296 quam
685 3218 899 3279 tamen
971 3218 1219 3278 mature
1287 3215 1670 3297 reciperauit
1739 3215 1985 3279 detecta
2058 3216 2292 3300 equitis
2354 3215 2428 3280 R.
2487 3216 2728 3297 fraude,

436 3343 626 3403 quem
686 3321 1109 3405 prodentibus
1171 3321 1373 3384 seruis
1428 3343 1648 3385 necem
1710 3320 1978 3386 Claudio
2039 3344 2262 3406 parare
2317 3326 2726 3406 compererat.

432 3449 706 3510 namque
752 3431 816 3492 et
856 3431 1112 3492 senatus
1149 3425 1393 3490 honore
1437 3429 1786 3509 rarissimO,
1833 3433 2044 3493 statua
2089 3430 2158 3493 in
2203 3429 2452 3493 Palatio
2499 3430 2730 3512 posita,

430 3539 805 3618 prosecutus
853 3538 950 3598 est
996 3555 1142 3597 eum
1191 3537 1254 3597 et
1300 3533 1604 3598 Claudius
1650 3535 1971 3599 adlectum
2018 3535 2187 3599 inter
2231 3535 2535 3618 patricios
2583 3557 2728 3598 con-

354 3668 406 3706 20
433 3641 698 3705 laudans
764 3640 1176 3722 amplissimis
1244 3640 1458 3705 uerbis
1524 3641 1650 3705 hoc
1718 3663 1971 3725 quoque
2045 3643 2303 3707 adiecit:
2371 3644 2515 3727 uir,
2582 3665 2725 3726 quo

432 3747 789 3810 meliores
853 3746 1146 3811 liberos
1211 3746 1491 3811 habere
1562 3771 1652 3811 ne
1719 3753 1901 3832 opto
1969 3749 2286 3832 quidem.
2390 3772 2466 3815 ex
2537 3749 2730 3814 Albia

434 3851 731 3915 Terentia
789 3851 1119 3934 splendida
1178 3853 1418 3918 femina
1478 3855 1638 3918 duos
1704 3855 1872 3920 filios
1938 3857 2113 3940 tulit,
2175 3856 2240 3920 L.
2281 3857 2603 3920 Titianum
2665 3860 2729 3920 et

583 4015 607 4060 1
651 4009 804 4076 Epit.
840 4014 889 4077 7,
920 4016 950 4063 1
993 4009 1215 4064 Saluius
1265 4011 1410 4064 Otho
1463 4011 1775 4081 splendidis
1828 4015 1982 4065 ortus
2038 4013 2345 4068 maioribus
2399 4014 2480 4085 ex}
2521 4014 2728 4083 oppido

435 4087 763 4142 Ferentano.
932 4097 962 4143 6
1002 4091 1235 4159 Eutrop.
1277 4091 1401 4144 VII
1421 4097 1511 4158 17,
1543 4098 1573 4145 1
1611 4095 1866 4146 materno
1904 4110 2107 4162 genere
2146 4095 2387 4148 nobilior
2423 4111 2593 4162 quam
2630 4111 2729 4162 pa-

436 4171 613 4234 terno,
652 4172 849 4223 neutro
887 4172 1077 4223 tamen
1116 4169 1367 4224 obscuro.

532 4265 928 4348 “liare—nitho
958 4300 1016 4348 X
1038 4297 1248 4365 (uum),
1289 4294 1524 4349 Ferento
1567 4297 1802 4352 Ursinus
1977 4304 2008 4351 2
2047 4300 2136 4370 ex]
2176 4315 2205 4351 e
2239 4300 2290 4353 G
2435 4299 2632 4352 siluius
2661 4304 2730 4366 Ω,

435 4391 569 4429 corr.
593 4375 903 4444 Stephanus
1012 4382 1042 4428 6
1065 4374 1418 4444 praeclarum
1450 4378 1524 4430 M
1628 4383 1656 4428 '7
1688 4379 2175 4448 propinquitatum
2199 4380 2419 4449 GHQX
2523 4386 2586 4432 12
2618 4380 2731 4432 cla-

437 4440 686 4589 {iunziuss
714 4456 1016 4590 qcelicudium
1050 4456 1121 4508 M
1242 4462 1304 4508 16
1342 4459 1561 4509 mature
1592 4474 1692 4511 om.
1728 4459 1779 4512 G
1902 4465 1980 4558 ‘17
2021 4476 2188 4528 quam
2225 4461 2275 4513 G
2404 4465 2470 4514 19
2510 4477 2636 4514 eum
2675 4464 2731 4512 et
