3325 5209
1197 401 1651 457 DOMITIANVS
1692 413 1822 463 [cn.
1853 413 2028 463 15——171
2626 399 2756 464 349

463 571 918 632 cruentaret
945 566 1385 648 factumque
1415 565 1730 649 aliquod
1761 565 2157 649 existeret,
2196 564 2283 630 de
2319 586 2465 649 quo
2495 566 2757 648 loque-

465 677 732 738 rentur
757 673 1102 737 homines
1130 695 1263 756 per
1290 678 1668 738 terrarum
1699 671 1972 736 orbem.
2037 674 2106 736 at
2125 672 2294 737 circa
2317 670 2592 736 mediam
2612 692 2758 735 noc-

465 785 598 845 tem
627 781 719 844 ita
746 784 845 845 est
873 781 1237 864 exterritus,
1274 784 1347 844 ut
1371 802 1409 842 e
1448 783 1649 844 strato
1683 780 2024 863 prosiliret.
2103 778 2332 843 dehinc
2360 799 2546 843 mane
2571 777 2761 842 haru-

468 889 710 973 spicem
748 911 825 953 ex
873 886 1212 952 Germania
1255 888 1545 970 missum,
1593 886 1706 968 qui
1752 885 2083 951 consultus
2130 885 2207 949 de
2253 885 2509 969 fulgure
2556 890 2760 949 muta-

409 1019 440 1061 s
468 995 708 1058 tionem
730 1015 941 1059 rerum
971 993 1390 1078 praedixerat,
1418 991 1623 1057 audiit
1642 993 2237 1075 condemnauitque.
2312 1014 2385 1055 ac
2405 992 2557 1056 dum
2588 990 2761 1056 exul·
2799 1008 2829 1055 2

469 1106 745 1166 ceratam
774 1102 843 1165 in
877 1101 1090 1165 fronte
1118 1122 1452 1165 uerrucam
1479 1098 1923 1165 uehementius
1952 1099 2201 1183 scalpit,
2232 1098 2591 1183 profluente
2619 1120 2761 1162 san-

468 1209 687 1295 guine:
734 1208 1052 1293 utinam,
1090 1208 1321 1291 inquit,
1365 1206 1756 1272 hactenus.
1831 1210 1986 1270 tunc
2021 1206 2215 1270 horas
2251 1205 2603 1288 requirenti
2640 1227 2758 1288 pro

470 1316 713 1399 quinta,
761 1337 955 1398 quam
1001 1315 1343 1396 metuebat,
1399 1318 1579 1378 sexta
1623 1335 1701 1377 ex
1749 1313 2067 1378 industria
2110 1314 2407 1377 nuntiata
2453 1316 2566 1377 est.
2658 1313 2759 1376 his

470 1421 653 1487 uelut
705 1424 1031 1487 transacto
1088 1423 1217 1485 iam
1270 1420 1556 1505 periculo
1615 1420 1858 1484 laetum
1913 1420 2453 1503 festinantemque
2499 1421 2580 1483 ad
2627 1441 2761 1485 cor·

392 1556 445 1596 ιο
471 1530 648 1614 poris
673 1551 893 1593 curam
911 1527 1297 1592 Parthenius
1327 1527 1625 1592 cubiculo
1655 1528 2061 1611 praepositus
2091 1529 2431 1610 conuertit,
2456 1529 2762 1591 nuntians

471 1658 609 1701 esse
658 1637 770 1720 qui
807 1658 1116 1721 magnum
1153 1636 1365 1699 nescio
1407 1634 1563 1718 quid
1600 1634 1844 1719 afferet,
1888 1656 2004 1698 nec
2041 1634 2471 1699 differendem.
2546 1634 2764 1718 itaque

472 1743 815 1806 summotis
881 1741 1181 1805 omnibus
1237 1742 1305 1804 in
1361 1740 1732 1805 cubiculum
1790 1763 1856 1805 se
1912 1743 2153 1826 recepit
2206 1748 2399 1825 atque
2453 1740 2548 1805 ibi
2604 1741 2765 1805 occi-

474 1870 581 1914 sus
627 1852 755 1911 est.¹
789 1871 794 1875 ·
1846 1860 1877 1867 ·“

652 1954 750 2018 De
794 1955 1171 2019 insidiarum
1220 1955 1557 2038 caedisque
1595 1977 1828 2040 genere
1864 1955 2021 2019 haec
2057 1955 2187 2019 fere
2226 1956 2560 2039 diuulgata
2598 1960 2763 2019 sunt.
2780 1951 2867 2017 17

397 2089 450 2130 ιε
478 2062 928 2127 cunctantibus
974 2062 1358 2146 conspiratis
1368 2113 1385 2145 ,
1439 2063 1697 2146 quando
1754 2066 1818 2126 et
1866 2085 1993 2145 quo
2041 2062 2252 2143 modo,
2297 2062 2363 2125 id
2410 2065 2507 2125 est
2550 2062 2767 2127 lauan-

478 2174 690 2234 temne
729 2192 807 2233 an
848 2173 1180 2234 cenantem
1217 2169 1736 2254 adgrederentur,
1785 2167 2167 2259 Stephanae,
2213 2168 2586 2232 Domitillae
2623 2189 2767 2252 pro-

476 2281 732 2342 curator
807 2281 871 2341 et
939 2282 1095 2341 tunc
1154 2277 1651 2360 interceptarum
1715 2277 2134 2360 pecuniarum
2193 2297 2361 2359 reus,
2427 2275 2766 2340 consilium

475 2407 862 2470 opera-mque
909 2383 1163 2450 obtulit.
1256 2406 1331 2448 ac
1378 2383 1779 2448 sinisteriore
1824 2372 2087 2447 brachio
2135 2384 2317 2447 uelut
2361 2403 2555 2468 aegro
2601 2382 2768 2446 lanis

476 2492 821 2575 fasciisque
878 2514 994 2575 per
1049 2492 1296 2574 aliquot
1354 2490 1488 2554 dies
1548 2491 1629 2554 ad
1697 2489 2105 2554 auertendam
2168 2490 2600 2575 suspicionem
2660 2490 2769 2554 ob·

392 2624 449 2664 so
475 2598 722 2682 uoluto,
787 2599 904 2663 sub
972 2598 1178 2681 ipsam
1244 2598 1470 2661 horam
1531 2598 1832 2662 dolonem
1892 2597 2239 2682 interiecit3
2312 2598 2769 2682 professusque

477 2705 971 2788 conspirationis
1025 2706 1337 2770 indicium
1392 2709 1456 2768 et
1503 2704 1587 2768 ob
1638 2704 1765 2769 hoc
1809 2704 2128 2768 admissus
2174 2704 2415 2790 legenti
2457 2706 2767 2770 traditum

478 2833 515 2874 a
571 2832 638 2874 se
692 2811 986 2876 libellum
1042 2815 1107 2875 et
1163 2811 1440 2876 attonito
1496 2811 1765 2875 suffodit
1819 2811 2101 2895 inguina.
2202 2812 2488 2877 saucium
2547 2834 2621 2877 ac
2675 2833 2768 2875 re·
2807 2825 2838 2872 2

479 2922 871 3004 pugnantem
928 2920 1140 2983 adorti
1201 2916 1547 2983 Clodianus
1606 2918 2068 2983 cornicularius
2125 2922 2189 2982 et
2244 2916 2568 2983 Maximus
2622 2917 2771 2982 Par-

478 3023 660 3089 theni
714 3023 985 3089 libertus
1038 3030 1112 3089 et
1158 3025 1352 3091 Satur
1407 3027 1666 3089 decurio
1730 3024 2271 3117 cubiculariorum
2319 3028 2384 3088 et
2430 3024 2689 3108 quidam
2738 3048 2772 3089 e

398 3157 453 3198 π
481 3130 865 3217 gladiatorio
911 3132 1064 3196 ludo
1110 3131 1489 3219 uulneribus
1529 3136 1776 3215 septem
1812 3131 2355 3196 contrucidarunt.
2436 3154 2613 3215 puer,
2661 3133 2773 3215 qui

483 3260 671 3303 curae
708 3238 947 3303 Larum
986 3237 1269 3303 cubiculi
1307 3261 1385 3302 ex
1423 3238 1886 3304 consuetudine
1923 3240 2227 3304 assistens
2255 3239 2551 3303 interfuit
2579 3240 2772 3322 caedi,

482 3346 607 3410 hoc
670 3344 948 3430 amplius
992 3346 1320 3428 narrabat,
1384 3348 1629 3410 iussum
1697 3368 1764 3410 se
1829 3369 1866 3410 a
1912 3345 2284 3410 Domitiano
2350 3346 2431 3410 ad
2493 3347 2772 3429 primum

626 3597 709 3645 10.
741 3598 825 3645 16.
856 3597 921 3644 23
951 3592 1109 3660 Epit.
1138 3596 1225 3657 11,
1245 3597 1312 3645 11
1340 3591 1738 3660 impulsoribus
1766 3592 2065 3646 Parthenio
2094 3594 2428 3661 procurante
2457 3592 2775 3646 cubiculum

478 3674 539 3727 et
578 3672 861 3741 Stephano
910 3674 967 3726 et
1011 3674 1134 3725 tum
1171 3672 1243 3726 ob
1288 3672 1544 3726 fraudem
1589 3674 1936 3741 interceptae
1980 3673 2251 3741 pecuniae
2304 3672 2640 3742 supplicium
2687 3692 2775 3727 su-

479 3755 770 3821 spectante
800 3751 1070 3807 Clodiano
1101 3755 1200 3822 (sic
1225 3754 1389 3806 etiam
1408 3754 1693 3822 Landolf.)
1883 3758 1951 3806 25
1988 3755 2144 3821 Epit.
2176 3758 2264 3818 11,
2293 3758 2365 3807 12
2391 3753 2775 3807 Domitianum

481 3833 675 3887 multis
711 3832 1038 3887 uulneribus
1076 3832 1421 3887 confodiunt.

627 4071 657 4117 2
697 4065 769 4118 ad
805 4066 955 4120 circa
983 4065 1068 4129 M,
1100 4064 1172 4118 ad
1206 4066 1475 4120 Graevius
1503 4066 1574 4120 al.
1719 4071 1750 4118 3
1788 4064 2096 4134 prosilierit
2123 4068 2353 4137 Bentley
2499 4072 2563 4120 15
2601 4066 2662 4120 id
2692 4069 2777 4121 est

480 4145 585 4201 del.
625 4146 850 4213 Burm„
893 4146 1033 4201 item
1070 4147 1300 4201 Ernesti
1461 4150 1526 4198 16
1565 4146 1660 4217 an]
1703 4148 1801 4199 aut
1831 4148 1946 4211 Ls',
1987 4161 2020 4198 a
2057 4147 2108 4200 T
2263 4151 2326 4199 19
2367 4146 2634 4201 obuoluto
2674 4147 2776 4201 sub

489 4227 539 4280 G
569 4218 941 4295 (Salmasius),
980 4225 1347 4280 obuolutamb
1377 4226 1451 4278 M
1459 4228 1521 4295 6,-
1558 4226 1827 4280 obuoluto
1864 4226 1924 4278 in
1962 4230 2039 4292 X,
2086 4226 2354 4281 obuoluto
2394 4227 2465 4280 ad
2500 4230 2549 4280 Τ
2584 4230 2775 4299 (uuly.)

483 4310 553 4358 20
591 4305 852 4359 dolonem
880 4307 1197 4372 Ferrarius,
1225 4306 1419 4360 dolum
1447 4309 1517 4373 Ω,
1556 4305 1686 4360 dolo
1715 4310 1750 4361 δ
1894 4312 1963 4359 24
2002 4308 2059 4360 et
2087 4308 2242 4360 satur
2273 4308 2376 4374 Ga,
2415 4309 2500 4361 est
2536 4309 2595 4361 et
2624 4310 2778 4362 satur

487 4387 678 4452 MLP,
717 4388 801 4439 est
838 4387 895 4440 et
932 4387 1173 4440 saturius
1207 4387 1268 4452 0,
1307 4388 1364 4441 et
1401 4388 1641 4441 saturius
1677 4384 1749 4439 ‘P'
1779 4386 1965 4456 (edd.):
2017 4387 2161 4440 idem
2196 4394 2260 4441 ut
2293 4389 2516 4442 widelw-
2553 4387 2776 4457 Sigerus

482 4473 716 4520 uocatur
768 4467 923 4535 apud
968 4467 1206 4521 Dionem
1245 4472 1333 4534 67,
1364 4472 1433 4521 15
1474 4468 1546 4522 al.
1801 4473 1866 4520 26
1926 4484 2055 4520 arae
2111 4468 2339 4521 Ernesti
2385 4470 2587 4537 (Roth),
2645 4471 2778 4522 cura

484 4546 544 4601 0.
570 4546 637 4601 G.
659 4546 865 4601 Midler
1079 4563 1243 4601 curae
1290 4547 1492 4602 larium
1538 4546 1811 4602 cubiculis
1849 4547 1980 4617 HQ,
2028 4546 2494 4602 cubiculariorum
2541 4548 2716 4601 cubili
2745 4570 2776 4617 ρ
