3325 5209
1080 368 1298 426 DIVVS
1335 370 1717 427 AVGVSTVS
1755 382 1886 431 [cu.
1916 383 2091 432 33—37]
2649 370 2733 438 73

442 536 633 600 etiam
689 533 1142 600 excusantibus
1202 534 1453 620 insigne
1507 533 1709 600 uestis
1770 537 1835 598 et
1893 533 2223 618 spectandi
2281 533 2350 598 in
2410 533 2735 602 orchestra·

441 640 867 726 epulandique
922 640 1180 730 publice
1235 641 1352 706 ius.
1445 662 1573 723 quo
1621 643 1836 706 autem
1891 639 2044 708 lecti
2097 640 2485 725 probatique
2530 644 2596 705 et
2640 662 2733 708 re-
2774 664 2806 711 3

439 748 734 834 ligiosius
793 752 860 814 et
925 749 1173 814 minore
1232 747 1529 812 molestia
1592 747 1913 811 senatoria
1972 768 2239 812 munera
2293 748 2734 832 fungerentur,

441 856 679 939 sanxit,
734 858 808 919 ut
851 854 1034 939 prius
1080 876 1273 938 quam
1330 854 1689 918 consideret
1737 854 2010 938 quisque
2056 857 2200 917 ture
2246 875 2320 918 ac
2363 875 2541 918 mero
2589 876 2734 938 sup-

388 986 414 1026 5
443 963 711 1046 plicaret
757 961 927 1045 apud
982 984 1159 1026 aram
1215 962 1352 1025 eius
1399 961 1517 1044 dei,
1563 961 1631 1025 in
1681 962 1862 1025 cuius
1909 960 2153 1045 templo
2200 961 2497 1045 coiretur,
2545 965 2610 1025 et
2653 984 2734 1028 ne

440 1070 586 1153 plus
645 1090 840 1151 quam
896 1068 998 1134 bis
1052 1070 1121 1133 in
1168 1089 1383 1132 mense
1437 1066 1768 1151 legitimus
1820 1072 2078 1132 senatus
2124 1071 2447 1153 ageretur,
2501 1066 2735 1132 Kalen-

442 1176 538 1242 dis
584 1179 648 1240 et
693 1174 941 1260 Idibus,
997 1197 1158 1239 neue
1215 1173 1581 1259 Septembri
1629 1171 1977 1240 Octobriue
2033 1196 2248 1239 mense
2303 1174 2471 1239 ullos
2517 1175 2734 1242 adesse

441 1283 600 1348 alios
647 1304 902 1348 necesse
949 1286 1115 1346 esset
1163 1304 1357 1364 quam
1404 1285 1577 1345 sorte
1625 1281 1867 1365 ductOS,
1913 1303 2028 1365 per
2075 1303 2350 1366 quorum
2396 1303 2733 1346 numerum

441 1390 692 1454 decreta
747 1390 975 1454 confici
1033 1393 1325 1472 possent3
1390 1386 1643 1471 sibique
1705 1389 1989 1454 instituit
2049 1389 2317 1453 consilia
2376 1389 2596 1454 sortiri
2642 1410 2733 1453 se-

362 1519 414 1559 10
438 1498 773 1580 menstria,
838 1518 982 1560 cum
1048 1495 1284 1579 quibus
1348 1494 1424 1558 de
1489 1495 1767 1580 negotiis
1831 1495 1910 1559 ad
1972 1496 2378 1579 frequentem
2442 1499 2735 1561 senatum

438 1603 788 1667 referendis
844 1607 992 1666 ante
1045 1605 1369 1666 tractaret.
1454 1601 1806 1665 sententias
1863 1601 1940 1665 de
1995 1603 2237 1667 maiore
2290 1606 2555 1690 negotio
2601 1626 2735 1669 non
2771 1625 2805 1673 4

439 1731 617 1775 more
665 1714 857 1793 atque
904 1709 1128 1774 ordine
1175 1708 1288 1772 sed
1333 1711 1529 1792 prout
1573 1707 1873 1773 libuisset
1909 1710 2313 1794 perrogabat,
2362 1714 2434 1774 ut
2469 1713 2733 1794 perinde

441 1817 712 1901 quisque
759 1817 1046 1880 animum
1091 1815 1453 1881 intenderet
1499 1836 1573 1879 ac
1621 1816 1677 1878 si
1724 1816 2111 1880 censendum
2151 1818 2359 1902 magis
2398 1839 2591 1901 quam
2629 1819 2733 1883 ad-

441 1924 845 1988 sentiendum
894 1927 1076 1987 esset.

361 2051 413 2094 ιο
616 2028 865 2095 Auctor
921 2034 986 2095 et
1041 2029 1311 2097 aliarum
1357 2051 1573 2093 rerum
1619 2029 1772 2112 fuit,
1819 2029 1886 2092 in
1935 2030 2105 2112 quis:
2159 2051 2240 2093 ne
2288 2034 2429 2094 acta
2476 2036 2733 2096 senatus
2747 2033 2841 2098 36

439 2136 940 2221 publicarentur,
984 2160 1065 2201 ne
1110 2138 1531 2222 magistratus
1580 2137 1874 2219 deposito
1921 2135 2168 2201 honore
2206 2138 2427 2202 statim
2475 2138 2544 2201 in
2587 2161 2733 2222 pro-

440 2246 685 2309 uincias
723 2245 1152 2326 mitterentur,
1189 2248 1264 2307 ut
1300 2243 1797 2328 proconsulibus
1836 2242 1915 2307 ad
1952 2243 2163 2308 mulos
2202 2248 2267 2307 et
2304 2243 2733 2329 tabernacula,

442 2373 603 2434 quae
648 2351 903 2435 publice
948 2351 1150 2415 locari
1189 2350 1500 2434 solebant,
1546 2354 1722 2415 certa
1742 2389 1749 2396 -
1772 2351 2042 2433 pecunia
2089 2350 2615 2434 constitueretur,
2661 2356 2734 2415 ut

443 2479 595 2522 cura
642 2459 846 2522 aerari
892 2481 929 2520 a
979 2457 1432 2540 quaestoribus
1480 2457 1745 2520 urbanis
1792 2456 1872 2520 ad
1917 2458 2277 2540 praetorios
2323 2461 2734 2540 praetoresue

362 2586 414 2627 so
440 2564 762 2646 transiret,
808 2567 882 2627 ut
938 2563 1464 2630 centumuiralem
1521 2562 1775 2627 hastam
1826 2585 2020 2645 quam
2070 2567 2482 2646 quaesturam
2528 2564 2736 2629 functi

443 2675 826 2735 consuerant
873 2692 1100 2755 cogere
1139 2669 1484 2734 decemuiri
1522 2674 1843 2755 cogerent.
1926 2692 2185 2753 quoque
2220 2671 2438 2755 plures
2483 2672 2837 2755 partem37

442 2776 982 2840 administrandae
1037 2777 1131 2840 rei
1180 2800 1240 2861 p.
1289 2781 1615 2861 caperent,
1671 2799 1844 2842 noua
1893 2778 2110 2844 officia
2155 2779 2576 2863 excogitauit:
2633 2802 2736 2844 cu-

443 2904 582 2946 ram
628 2904 895 2966 operum
931 2883 1359 2966 publicorum,
1405 2884 1677 2968 uiarum,
1726 2906 2055 2968 aquarum,
2093 2883 2261 2948 aluei
2297 2885 2568 2970 Tiberis,
2603 2886 2736 2952 fru-

441 2990 644 3054 menti
707 2990 948 3073 populo
1015 2990 1378 3073 diuidundj,
1451 2991 1919 3074 praefecturam
1983 2991 2189 3074 urbis,
2253 2993 2735 3059 triumuiratum

361 3116 413 3158 πε
441 3094 696 3180 legendi
756 3101 1016 3162 senatus
1087 3102 1152 3162 et
1211 3096 1485 3162 alterum
1553 3099 2054 3184 recognoscendi
2120 3101 2367 3164 turmas
2428 3102 2735 3186 equitum,

443 3202 872 3285 quotiensque
931 3226 1093 3288 opus
1149 3208 1332 3268 esset.
1418 3225 1712 3268 censores
1760 3205 1961 3268 creari
2018 3205 2255 3270 desitos
2302 3207 2498 3294 longo
2545 3208 2738 3273 inter-

441 3307 615 3371 uallo
671 3312 931 3375 creauit.
1017 3333 1359 3376 numerum
1410 3314 1785 3395 praetorum
1841 3313 2039 3376 auxit.
2121 3315 2333 3398 exegit
2389 3316 2611 3397 etiam,
2662 3320 2738 3379 ut

444 3414 744 3496 quotiens
800 3417 1171 3481 consulatus
1227 3416 1352 3482 sibi
1397 3417 1683 3500 daretur,
1738 3417 1927 3483 binos
1973 3440 2091 3502 pro
2138 3419 2410 3505 singulis
2458 3421 2736 3509 collegas

586 3642 654 3688 23
692 3637 762 3703 cf.
803 3637 948 3707 Lyd.
978 3640 1044 3692 de
1080 3655 1222 3708 may.
1253 3644 1305 3704 1,
1326 3641 1395 3691 34
1434 3638 1598 3708 (Suet.
1637 3638 1732 3690 rel.
1771 3620 2056 3703 edslkiffi
2096 3640 2201 3709 frq.
2230 3642 2363 3708 200)

587 3868 615 3914 1
656 3859 831 3914 etiam
867 3876 967 3914 om.
994 3861 1092 3915 VS
1268 3857 1668 3912 excusantibus
1705 3860 1857 3928 wuly.
1908 3859 2046 3927 (edd.
2078 3860 2235 3915 Rom.
2269 3863 2395 3916 Ven.
2425 3864 2516 3932 I),
2573 3880 2737 3918 excu-

442 3939 621 3994 santis
645 3940 771 3995 ΜΘ
784 3940 1004 4007 VLPS,
1033 3942 1364 3994 excusantes
1388 3942 1454 4005 T,
1483 3937 1765 3992 excusatis
1793 3939 1882 3998 Τς
1914 3938 2098 4008 (Grut.
2116 3940 2280 4009 Roth)
2390 3947 2425 3995 4
2451 3943 2615 3998 thure
2635 3949 2694 3998 X
2692 3949 2740 3998 Τ

444 4027 474 4074 6
512 4020 574 4074 in
602 4021 703 4076 del.
723 4021 957 4090 Bentley
1101 4026 1131 4073 9
1171 4021 1505 4074 semenstres
1539 4019 1592 4073 G
1730 4025 1795 4072 12
1836 4018 2115 4090 (uetere)
2142 4037 2296 4074 more
2327 4024 2503 4077 Polak
2611 4031 2738 4094 pro-

442 4101 621 4170 gabat
652 4101 704 4155 G
876 4106 942 4153 16
982 4100 1239 4169 deposito
1278 4117 1311 4160 ς
1348 4101 1489 4169 (edd.
1530 4100 1688 4154 Rom.
1732 4100 1861 4154 Ve‘n.
1890 4100 1981 4166 1),
2028 4098 2304 4169 disposito
2342 4105 2395 4155 Ω.
2569 4111 2633 4158 17
2673 4110 2738 4160 ut

442 4198 542 4236 om.
567 4183 642 4235 M
673 4179 1121 4250 (proconsulibus
1164 4180 1238 4234 ad
1273 4181 1455 4234 mulos
1484 4181 1549 4234 in
1575 4197 1686 4234 ras.
1715 4198 1784 4233 m.
1806 4181 1861 4247 1)
2005 4184 2073 4232 20
2111 4185 2417 4248 quaestura
2453 4186 2604 4256 παῖς).
2634 4188 2735 4256 (ed.

442 4261 641 4330 Rom),
679 4262 778 4315 hoc
813 4262 926 4316 loco
962 4262 1162 4316 rectius
1198 4263 1396 4329 opinor
1549 4266 1617 4314 21
1657 4262 2067 4313 consueuerant
2098 4262 2200 4315 VR
2215 4265 2268 4317 T
2404 4270 2471 4318 23
2509 4266 2739 4321 uariarfi

442 4343 526 4411 (in
552 4343 686 4410 ras.)
717 4347 845 4410 post
869 4341 1092 4394 uiarum
1119 4341 1249 4395 add.
1275 4342 1360 4407 M,
1397 4347 1582 4395 tuetwr
1603 4342 1912 4396 Mommsen
2038 4346 2108 4394 24
2138 4341 2450 4398 diuidundo
2473 4348 2550 4401 M
2580 4350 2742 4418 (sicut

441 4427 608 4477 antea
632 4421 955 4490 frumento),
986 4419 1278 4474 diuidendi
1300 4424 1357 4473 X
1359 4418 1432 4473 ‘T
1603 4425 1670 4473 26
1709 4419 2211 4489 quotienscumque
2239 4426 2387 4495 uuly.
2419 4428 2520 4495 (ed.
2541 4429 2740 4498 Rom),

442 4502 513 4568 cf.
557 4503 669 4557 Cal.
695 4506 729 4555 7
873 4506 941 4555 27
980 4499 1272 4555 reuocauit
1309 4501 1663 4555 Halbmsma
