3325 5209
1121 447 1338 504 DIVVS
1374 445 1758 503 AVGVSTVS
1797 460 1930 510 [car.
1959 461 2134 511 26-28]
2664 450 2748 514 67

451 612 797 677 interdicta
853 611 1190 675 dimissum
1243 611 1584 698 naufragio
1639 612 1746 677 uel
1799 610 2125 678 latronum
2182 611 2433 678 insidiis
2488 612 2750 696 perisse.

451 717 867 783 tribuniciam
920 721 1310 801 potestatem
1363 721 1743 803 perpetuam
1797 719 2063 804 recepit,
2118 719 2187 782 in
2233 741 2360 801 qua
2416 719 2612 784 semel
2658 723 2750 783 at-
2787 733 2821 783 5

456 847 581 908 que
635 826 872 889 iterum
927 846 1044 909 per
1098 824 1353 911 singula
1406 826 1615 890 lustra
1671 825 1985 911 collegam
2042 825 2170 890 sibi
2226 826 2574 909 cooptauit.
2656 848 2752 890 re?

453 934 622 1015 cepit
690 936 754 996 et
813 953 1068 995 morum
1129 933 1476 1015 legumque
1535 932 1827 1018 regimen
1885 953 2089 1015 aeque
2146 936 2556 1017 perpetuum,
2618 954 2749 1016 quo

399 1061 425 1102 5
452 1039 609 1121 iure,
659 1060 1056 1121 quamquam
1103 1040 1241 1103 sine
1288 1060 1590 1103 censurae
1635 1040 1911 1123 honore,
1954 1060 2214 1103 censum
2260 1043 2478 1103 tamen
2521 1039 2749 1124 populi

451 1148 553 1209 ter
598 1145 760 1229 egit,
804 1146 1085 1228 primum
1133 1168 1209 1210 ac
1252 1146 1518 1210 tertium
1567 1168 1715 1209 cum
1763 1144 2029 1231 collega,
2075 1145 2356 1210 medium
2402 1146 2597 1209 solus.

631 1251 728 1315 De
766 1251 1085 1316 reddenda
1123 1274 1193 1315 re
1230 1275 1291 1336 p.
1328 1251 1429 1316 bis
1468 1251 1811 1337 cogitauit:
1854 1253 2138 1334 primum
2174 1256 2323 1336 post
2370 1274 2750 1337 oppressum
2765 1248 2856 1315 28

453 1359 679 1422 statim
723 1355 1102 1444 Antonium,
1138 1380 1399 1423 memor
1443 1358 1770 1422 obiectum
1817 1357 1944 1422 sibi
1990 1358 2071 1422 ab
2119 1380 2195 1424 eo
2243 1359 2516 1442 saepiuS,
2563 1359 2751 1441 quasi

452 1487 570 1549 per
621 1466 836 1548 ipsum
894 1467 1096 1528 staret
1150 1486 1232 1528 ne
1287 1464 1686 1548 redderetur3
1742 1486 1816 1529 ac
1870 1483 2093 1529 rursus
2147 1464 2362 1530 taedio
2410 1464 2750 1530 diuturnae

373 1593 427 1633 ιο
455 1570 860 1654 ualitudinis,
915 1593 1060 1635 cum
1108 1572 1303 1635 etiam
1349 1571 1841 1657 magistratibus
1888 1593 1964 1637 ac
2008 1575 2234 1636 senatu
2280 1570 2543 1636 domum
2588 1571 2751 1635 acci-

452 1677 538 1740 tis
584 1678 1006 1741 rationarium
1054 1678 1309 1759 imperii
1345 1677 1627 1741 tradidit.
1713 1677 1824 1743 sed
1868 1681 2175 1762 reputans
2214 1681 2278 1741 et
2314 1698 2382 1741 se
2418 1678 2749 1761 priuatum

452 1805 586 1848 non
632 1785 768 1847 sine
813 1785 1100 1867 periculo
1148 1783 1287 1848 fore
1333 1788 1398 1848 et
1444 1785 1623 1847 illam
1669 1785 1955 1868 plurium
1998 1784 2268 1850 arbitrio
2306 1788 2546 1848 temere
2581 1806 2753 1848 com-

452 1889 623 1953 mitti
635 1942 653 1975 7
707 1890 777 1953 in
829 1891 1164 1954 retinenda
1216 1892 1680 1975 perseuerauit,
1737 1891 2004 1955 dubium
2059 1894 2296 1955 euentu
2350 1890 2613 1955 meliore
2667 1913 2750 1954 an

452 1996 806 2060 uoluntate.
901 2019 1094 2080 quam
1141 1998 1574 2080 uoluntatem,
1628 2019 1776 2061 cum
1821 2019 1974 2081 prae
2030 2019 2098 2061 se
2143 1997 2490 2062 identidem
2536 1998 2751 2084 ferret,
2787 2012 2820 2060 2

371 2124 424 2165 15
456 2102 735 2184 quodam
793 2104 987 2167 etiam
1044 2104 1253 2168 edicto
1298 2104 1402 2167 his
1449 2104 1664 2169 uerbis
1711 2108 1988 2169 testatus
2035 2108 2162 2168 este
2212 2105 2322 2169 ita
2366 2104 2554 2168 mihi
2601 2105 2749 2168 sal-

452 2230 619 2273 uam
666 2231 751 2274 ac
799 2212 1167 2294 sospitem
1215 2232 1369 2274 rem
1414 2232 1477 2294 p.
1517 2212 1798 2276 sistere
1844 2212 1921 2275 in
1969 2231 2102 2276 sua
2148 2212 2323 2276 sede
2367 2210 2602 2275 liceat
2639 2214 2749 2273 at-

456 2338 598 2398 que
645 2317 810 2380 eius
846 2318 959 2381 rei
994 2318 1331 2382 fructum
1367 2318 1793 2402 percipere,
1843 2340 2064 2401 quem
2101 2320 2309 2402 pet0,
2353 2320 2436 2381 ut
2474 2318 2748 2401 optimi

386 2480 391 2484 ,
454 2426 707 2487 status
756 2426 1030 2488 auctor
1069 2424 1275 2488 dicar
1312 2429 1385 2488 et
1423 2426 1760 2488 moriens
1798 2429 1881 2489 ut
1918 2425 2157 2488 feram
2193 2446 2478 2488 mecum
2519 2407 2768 2507 spem,>

453 2551 811 2594 mansura
865 2531 937 2594 in
995 2531 1336 2615 uestigio
1395 2553 1529 2595 suo
1584 2530 2084 2596 fundamenta
2138 2532 2250 2595 rei
2303 2553 2364 2614 p.
2412 2553 2601 2616 quae
2648 2532 2750 2595 ie·
2799 2549 2806 2557 ·

370 2656 424 2697 so
455 2657 642 2701 cero,
726 2636 1010 2719 fecitque
1055 2638 1193 2720 ipse
1240 2659 1306 2701 se
1356 2641 1720 2720 compotem
1768 2640 1910 2702 uoti
1954 2639 2134 2702 nisus
2182 2639 2358 2702 omni
2402 2637 2624 2723 modo,
2667 2660 2749 2703 ne

456 2765 647 2825 quem
693 2745 851 2807 noui
898 2747 1107 2808 status
1153 2745 1527 2827 paeniteret.

631 2849 875 2914 Vrbem
921 2872 1134 2933 neque
1177 2872 1298 2934 pro
1344 2853 1680 2916 maiestate
1730 2852 1985 2935 imperii
2032 2854 2327 2917 ornatam
2374 2855 2439 2916 et
2483 2851 2746 2916 inunda-
2788 2865 2819 2912 3

451 2957 740 3020 tionibus
778 2957 1218 3040 incendiisque
1257 2958 1601 3022 obnoxiam
1641 2958 1924 3021 excoluit
1962 2959 2139 3043 adeo,
2184 2961 2259 3020 ut
2294 2959 2444 3022 iure<
2480 2960 2566 3022 sit
2614 2959 2749 3044 glo-

450 3064 654 3127 riatus
700 3085 1196 3128 marmoream
1243 3086 1319 3128 se
1364 3064 1835 3146 relinquere,
1886 3087 2108 3147 quam
2155 3065 2584 3129 latericiam
2632 3088 2747 3129 ac-

369 3188 425 3229 25
456 3171 803 3252 cepisset.
850 3175 1058 3234 tutam
1096 3192 1271 3256 uere,
1320 3176 1634 3255 quantum
1671 3171 2000 3255 prouideri
2035 3171 2315 3236 humana
2350 3172 2600 3236 ratione
2636 3193 2747 3256 po-
2809 3219 2814 3224 ·

597 3449 627 3495 2
669 3444 851 3498 Victor
882 3444 1029 3498 Caes,
1062 3449 1113 3509 1,
1134 3449 1170 3497 6
1206 3443 1512 3497 tribunicia
1539 3445 1826 3513 potestate
1853 3447 2124 3514 perpetuo
2153 3445 2398 3498 habitus.
2467 3445 2748 3512 Epit.1,3

451 3522 815 3576 tribuniciam
860 3525 1201 3592 potestatem
1246 3541 1349 3593 per
1395 3541 1453 3578 se
1503 3524 1765 3578 exercuit.
1847 3525 1995 3580 Oros,
2038 3527 2130 3580 VI
2155 3529 2255 3591 18,
2284 3529 2354 3578 34
2407 3527 2473 3578 ut
2517 3524 2580 3577 in
2622 3541 2748 3593 per-

451 3605 686 3672 petuum
722 3604 1062 3658 tribuniciae
1089 3605 1390 3673 potestatis
1429 3608 1592 3671 esset,
1634 3622 1668 3657 a
1696 3608 1897 3658 senatu
1927 3605 2214 3659 decretum
2242 3607 2342 3659 est.
2490 3611 2557 3657 22
2587 3606 2745 3673 Epit.

454 3689 504 3749 1,
534 3688 605 3736 19
693 3684 851 3736 auxit
902 3685 1237 3752 ornauitque
1284 3685 1520 3738 Romam
1558 3685 1833 3739 aedificiis
1869 3685 2091 3752 multis,
2128 3686 2238 3738 isto
2276 3684 2526 3753 glorians
2566 3685 2744 3739 dicto:

451 3763 647 3816 urbem
684 3763 1000 3817 latericiam
1036 3766 1276 3833 repperi,
1313 3766 1569 3834 relinquo
1607 3781 1993 3819 marmoream.
2074 3767 2222 3820 Oros,
2265 3767 2390 3821 VII
2420 3769 2471 3833 7,
2493 3769 2529 3819 7
2572 3764 2745 3832 urbis,

453 3860 624 3911 quam
661 3861 720 3897 se
757 3843 1047 3912 Augustus
1086 3861 1153 3898 ex
1190 3844 1449 3899 latericia
1485 3862 1857 3899 marmoream
1893 3845 2208 3900 reddidisse
2245 3847 2575 3901 iactauerat.

597 4099 625 4147 1
667 4094 974 4147 admissum
1000 4097 1048 4146 Τ
1187 4099 1217 4147 3
1259 4096 1515 4149 lacunam
1545 4100 1674 4162 post
1708 4094 1913 4148 iterum
1939 4102 2192 4150 statuunt
2218 4098 2574 4165 supplentque
2603 4095 2748 4167 <per

452 4173 802 4240 decennium,
822 4174 951 4246 ter>
964 4175 1162 4245 Bequ,
1184 4174 1301 4247 (M.
1318 4174 1649 4243 Agrippam,
1669 4176 1757 4228 ter
1775 4174 2105 4248 Tiberium>
2121 4178 2424 4231 Mommsen
2515 4179 2747 4245 coapta-

450 4253 538 4307 uit
575 4255 782 4323 (coact-
818 4256 888 4322 T)
910 4259 968 4306 X
978 4257 1025 4307 Τ
1157 4260 1185 4307 7
1224 4255 1469 4323 primum
1488 4259 1568 4320 M,
1607 4255 1790 4322 primo
1818 4257 1913 4309 rel.
1941 4256 2069 4322 fort.
2089 4259 2290 4311 rectius
2434 4261 2501 4308 10
2531 4257 2622 4327 ac]
2653 4273 2682 4310 e
2708 4265 2746 4315 ’ς

451 4335 590 4403 (edd.
613 4335 790 4400 Rom„
825 4336 998 4403 Torr.)
1155 4340 1217 4388 11
1258 4335 1531 4403 priuatim
1562 4336 1637 4389 M
1646 4336 1699 4389 G
1711 4336 1901 4390 VLP1
2061 4343 2126 4389 14
2163 4337 2391 4406 psident
2418 4337 2570 4389 idem
2601 4337 2674 4388 M
2685 4338 2746 4403 V,

450 4414 702 4484 'psidenti
742 4414 871 4468 dein
906 4415 977 4481 G,
1023 4413 1253 4484 psidens
1293 4417 1465 4483 (pres-
1486 4415 1555 4484 S)
1594 4416 1908 4468 identidem
1945 4417 2193 4471 P²OST
2222 4421 2378 4486 (recte
2414 4417 2593 4486 LP¹>,
2631 4418 2744 4487 'p‘si-

453 4495 589 4548 dens
616 4495 769 4547 idem
790 4496 880 4547 ‘1³3
992 4500 1056 4548 15
1086 4495 1369 4562 quondam
1390 4496 1623 4565 Bentley
1736 4501 1799 4549 17
1824 4496 2037 4565 optimo
2057 4497 2152 4551 M1
2247 4502 2319 4549 ,19
2349 4513 2611 4551 mensura
2632 4498 2746 4564 M1,

449 4590 772 4628 mansuram
814 4574 860 4643 Q
1006 4581 1071 4627 21
1110 4575 1431 4643 peniterent
1470 4575 1567 4628 Μι
1713 4582 1779 4628 22
1818 4593 2062 4644 namque
2107 4578 2235 4644 ΥΤ,
2273 4593 2374 4631 om.
2413 4578 2481 4630 N

2249 4665 2319 4718 ὅ*
