3325 5209
1253 433 1453 488 NERO
1494 445 1623 494 [off.
1655 445 1831 494 20-22]
2558 431 2687 494 243

390 600 558 662 uatis
609 598 988 683 spectaculis
1039 619 1303 680 operam
1360 599 1528 661 inter
1585 598 1906 662 scaenicos
1954 598 2134 661 daret
2181 596 2459 680 quodam
2507 617 2686 679 prae-

390 710 604 769 torum
667 704 1033 768 sestertium
1106 705 1313 768 decies
1374 705 1696 770 offerente.
1796 704 2158 789 tragoedias
2232 724 2487 785 quoque
2549 723 2689 764 can·
2730 718 2759 764 3

394 813 561 876 tauit
605 816 983 894 personatus
1029 812 1298 874 heroum
1349 812 1767 895 deorumque,
1823 812 1978 874 item
2035 809 2372 873 heroidum
2429 831 2502 871 ac
2549 808 2687 872 dea—

392 941 562 1002 rum,
618 919 911 1002 personis
960 918 1205 983 effectis
1254 919 1333 981 ad
1383 919 1870 982 similitudinem
1934 917 2062 980 oris
2119 916 2220 979 sui
2278 920 2341 979 et
2397 915 2691 997 feminae,

341 1048 365 1087 5
395 1028 590 1108 prout
654 1046 972 1108 quamque
1038 1025 1349 1109 diligeret.
1448 1026 1619 1089 inter
1680 1029 1887 1088 cetera
1947 1023 2232 1088 cantauit
2296 1020 2689 1104 Canac[h]en

392 1132 885 1216 parturientem,
952 1130 1224 1195 Oresten
1277 1131 1722 1213 matricidam,
1796 1128 2188 1213 Oedipodem
2269 1132 2691 1209 excaecatum,

393 1237 738 1303 Herculem
785 1239 1097 1301 insanum.
1183 1240 1251 1302 in
1297 1261 1424 1321 qua
1479 1238 1700 1303 fabula
1755 1238 1930 1301 fama
1985 1241 2081 1300 est
2137 1235 2527 1298 tirunculum
2578 1236 2689 1297 mi-

393 1347 574 1409 litem
624 1346 912 1429 positum
961 1345 1040 1407 ad
1089 1346 1448 1411 custodiam
1498 1346 1709 1408 aditus
1721 1396 1738 1427 ,
1786 1368 1930 1409 cum
1980 1366 2121 1407 eum
2173 1344 2388 1406 ornari
2434 1363 2507 1404 ac
2554 1342 2692 1404 uin-

396 1453 513 1516 ciri
560 1452 820 1535 catenis,
867 1453 1033 1514 sicut
1081 1456 1532 1535 argumentum
1581 1452 1983 1536 postulabat,
2030 1451 2299 1533 uideret,
2345 1442 2692 1513 accurrisse

318 1581 367 1619 10
393 1558 688 1621 ferendae
737 1559 881 1640 opis
930 1558 1151 1641 gratia.

572 1664 907 1746 Equorum
956 1664 1169 1727 studio
1209 1664 1312 1727 uel
1348 1665 1692 1748 praecipue
1731 1664 1810 1727 ab
1851 1666 2108 1727 ineunte
2147 1669 2356 1727 aetate
2393 1662 2694 1748 flagrauit
2714 1658 2799 1723 22

395 1772 842 1854 plurimusque
906 1770 1004 1833 illi
1060 1791 1297 1859 sermo,
1359 1791 1726 1852 quanquam
1773 1774 2124 1852 uetaretur,
2182 1771 2258 1833 de
2306 1769 2693 1833 circensibus

398 1882 561 1960 erat3
626 1881 690 1939 et
754 1876 1078 1959 quondam
1143 1880 1421 1940 tractum
1490 1877 1732 1959 prasini
1798 1878 2180 1959 agitatorem
2250 1878 2415 1939 inter
2481 1875 2692 1939 condi-

399 1983 687 2066 scipulos
737 2005 1027 2065 querens,
1074 1983 1455 2068 obiurgante
1503 1983 1906 2067 paedagogo,
1955 1983 2031 2047 de
2076 1982 2355 2046 Hectore
2404 2005 2469 2046 se
2515 1983 2695 2064 loqui

320 2111 368 2150 15
398 2090 746 2154 ementitus
808 2093 920 2152 est.
1016 2089 1126 2152 sed
1188 2110 1333 2153 cum
1395 2090 1563 2153 inter
1623 2089 1809 2152 initia
1869 2089 2122 2173 imperii
2183 2089 2477 2152 eburneis
2541 2110 2692 2170 qua-

399 2198 598 2281 drigis
646 2197 882 2260 cotidie
930 2197 998 2260 in
1043 2196 1240 2259 abaco
1285 2195 1554 2279 luderet,
1601 2196 1681 2259 ad
1730 2196 1938 2259 omnis
1987 2197 2180 2259 etiam
2227 2196 2530 2258 minimos
2581 2194 2694 2257 cir-

398 2326 613 2367 censes
662 2326 695 2367 e
743 2324 998 2367 secessu
1054 2302 1486 2385 commeabat,
1541 2302 1751 2386 primo
1807 2301 1997 2385 clam,
2054 2302 2281 2366 deinde
2339 2300 2696 2386 propalam,

396 2414 469 2473 ut
518 2410 758 2474 nemini
806 2409 1073 2473 dubium
1121 2413 1289 2472 esset
1336 2430 1410 2472 eo
1459 2409 1560 2472 die
1602 2410 1827 2491 utique
1864 2410 2232 2473 affuturum.
2314 2430 2523 2490 neque
2570 2406 2693 2469 dis·
2734 2421 2765 2466 2

398 2515 743 2580 simulabat
782 2516 947 2580 uelle
985 2538 1051 2578 se
1091 2516 1451 2598 palmarum
1490 2537 1825 2579 numerum
1859 2516 2185 2601 ampliari3
2224 2537 2421 2598 quare
2451 2517 2695 2596 specta-

323 2643 375 2681 κο
405 2623 620 2685 culum
674 2622 1124 2705 multiplicatis
1170 2621 1474 2686 missibus
1522 2621 1590 2685 in
1636 2644 1849 2685 serum
1897 2622 2413 2706 protrahebatur,
2457 2643 2538 2683 ne
2587 2619 2695 2683 do-

399 2729 592 2792 minis
641 2728 898 2810 quidem
954 2729 1082 2791 iam
1139 2728 1493 2792 factionum
1550 2728 1966 2812 dignantibus
2021 2728 2148 2791 nisi
2195 2729 2275 2792 ad
2321 2728 2523 2791 totius
2571 2727 2697 2789 diei

401 2857 656 2899 cursum
720 2857 947 2921 greges
1010 2835 1254 2899 ducere.
1349 2857 1499 2898 mox
1562 2839 1627 2898 et
1696 2836 1834 2917 ipse
1895 2834 2187 2919 aurigare
2248 2839 2441 2918 atque
2503 2834 2694 2896 etiam

402 2943 675 3026 spectari
734 2943 987 3024 saepius
1043 2942 1253 3005 uoluit
1309 2943 1651 3025 positoque
1713 2943 1780 3004 in
1833 2942 2039 3005 hortis
2096 2942 2268 3005 inter
2323 2942 2585 3005 seruitia
2633 2944 2697 3002 et

402 3049 724 3113 sordidam
781 3048 1034 3131 plebem
1092 3048 1455 3113 rudimento
1514 3049 1961 3111 uniuersorum
2018 3069 2085 3111 se
2143 3047 2344 3111 oculis
2403 3048 2471 3110 in
2527 3047 2694 3110 circo

321 3174 373 3214 25
400 3158 681 3219 maximo
721 3156 1039 3239 praebuit,
1086 3155 1303 3239 aliquo
1342 3156 1573 3218 liberto
1612 3155 1913 3218 mittente
1949 3177 2250 3238 mappam
2290 3154 2458 3218 unde
2497 3153 2695 3238 magi-

403 3267 641 3326 stratus
691 3263 916 3326 solent.
998 3284 1116 3326 nec
1163 3266 1500 3326 contentus
1547 3261 1774 3324 harum
1813 3262 2049 3324 artium
2096 3261 2533 3345 experimenta
2571 3259 2695 3322 Ro·
2735 3274 2765 3320 3

402 3391 541 3432 mae
590 3369 854 3453 dedisse,
903 3368 1233 3451 Achaiam,
1281 3373 1353 3432 ut
1398 3368 1678 3432 diximus
1715 3370 1974 3451 <c.19>,
2021 3368 2185 3452 petit
2230 3368 2383 3432 hinc
2419 3369 2697 3431 maxime

403 3479 635 3539 motus.
721 3475 1133 3539 instituerant
1180 3476 1504 3558 ciuitateS,
1564 3475 1735 3557 apud
1796 3497 1958 3557 quas
2013 3475 2244 3539 musici
2300 3496 2537 3560 agones
2595 3474 2697 3536 edi

404 3582 640 3664 solent,
689 3603 910 3645 omnes
968 3581 1478 3645 citharoedorum
1530 3603 1798 3646 coronas
1846 3582 1921 3644 ad
1972 3582 2186 3664 ipsum
2233 3581 2507 3644 mittere.
2591 3603 2697 3645 eas

550 3765 576 3810 1
618 3758 780 3811 daret
810 3756 1039 3825 ΜθΤρ,
1078 3757 1210 3809 dare
1241 3758 1391 3809 ΧΝὸ
1429 3758 1619 3826 (uuly.)
1766 3756 2045 3823 quaedam
2078 3759 2185 3811 Ma
2329 3763 2360 3809 5
2399 3772 2569 3822 quam
2605 3756 2698 3807 Ml

405 3839 677 3906 (Bentley)
786 3841 994 3890 canace
1029 3838 1080 3891 G
1190 3843 1221 3889 6
1252 3837 1493 3908 edipode
1528 3837 1594 3903 G,
1625 3837 1759 3888 —den
1789 3839 1880 3891 rel.
1918 3840 2004 3904 (cf.
2036 3838 2185 3891 Nero
2214 3840 2306 3904 46)
2417 3840 2447 3887 8
2480 3836 2699 3889 onerari

407 3919 599 3970 notaui
634 3935 659 3970 e
698 3935 867 3986 mary.
897 3919 977 3971 ed.
1011 3906 1250 3988 Grgjphii
1277 3917 1460 3986 Luyd.
1493 3921 1629 3970 1544
1748 3924 1806 3969 11
1849 3916 2122 3984 fraglauit
2153 3917 2319 3970 MLS
2441 3922 2504 3969 12
2543 3917 2697 3967 uete-

405 3998 624 4049 raretur
655 3998 782 4051 MR
928 4005 991 4049 13
1030 3998 1244 4067 prasini
1277 4000 1350 4051 M
1353 4000 1412 4063 T,
1450 3997 1580 4049 -sim
1610 3997 1774 4061 LST,
1811 3998 1899 4049 -εὖ
1935 3999 2001 4062 P,
2040 3998 2212 4049 -sinifi
2242 3997 2306 4061 G,
2346 3995 2634 4064 prasinum
2666 4012 2697 4053 ς

405 4083 455 4129 et
482 4077 600 4129 edd.
625 4083 751 4144 post
770 4078 1103 4131 Beroaldum
1216 4084 1282 4129 14
1311 4078 1580 4143 magistro
1609 4080 1656 4129 Τ
1765 4083 1827 4129 16
1863 4077 2119 4129 mimmos
2150 4078 2213 4146 S¹
2244 4079 2311 4145 (et
2339 4077 2418 4129 sic
2442 4076 2568 4141 fort.
2604 4074 2697 4137 Ll,

405 4156 504 4209 ubi
538 4156 619 4208 ini
658 4158 720 4209 in
755 4174 863 4210 ras.
897 4159 1138 4227 Ιερίταν),
1175 4157 1376 4210 mimos
1405 4156 1581 4209 PS2T
1749 4157 2020 4209 circenses
2060 4159 2113 4227 e]
2153 4156 2424 4209 circenses
2460 4155 2695 4219 LPTN,

406 4236 652 4289 circense
686 4237 731 4306 Q
760 4237 1053 4306 (circenses
1077 4238 1083 4273 l
1110 4254 1300 4290 ecessu
1329 4255 1395 4289 m.
1429 4241 1479 4300 1,
1510 4235 1783 4300 circenses
1809 4252 1814 4277 ¹
1841 4252 2061 4288 secessu
2090 4254 2157 4288 m.
2178 4239 2252 4305 2),
2283 4235 2518 4288 circensi
2540 4237 2600 4286 Π
2606 4234 2622 4264 ¹
2651 4240 2700 4285 et

395 4334 504 4386 pro
532 4334 585 4370 u.
610 4318 642 4370 l.
668 4318 722 4370 R
750 4319 813 4369 in
842 4335 1031 4385 mary„
1071 4317 1303 4370 circensi
1333 4334 1363 4370 e
1389 4316 1466 4368 Π2
1614 4322 1679 4370 18
1722 4317 2005 4369 afuturum
2040 4317 2269 4369 Oasaub.
2405 4322 2467 4366 19
2507 4330 2698 4365 mune-

402 4415 528 4449 rum
560 4399 635 4450 Μ
828 4396 1098 4464 ampliare
1138 4398 1341 4466 HQST
1374 4404 1422 4450 et
1458 4398 1569 4463 fere
1607 4397 1724 4450 edd.
1937 4400 2003 4446 20
2041 4394 2513 4461 protrahebantur
2543 4394 2699 4445 MT&

405 4483 470 4530 21
512 4478 822 4531 factionum
851 4477 966 4528 iam
999 4477 1049 4530 G
1159 4483 1224 4529 25
1263 4477 1591 4530 libertorum
1621 4479 1852 4545 Bentley
1963 4479 2028 4525 28
2069 4475 2392 4527 instituerat
2425 4478 2487 4539 Y,
2526 4476 2589 4526 ut
2615 4473 2702 4524 in-

406 4558 664 4611 stitueret
694 4556 775 4612 R²
922 4556 1181 4609 ciuitates
1221 4574 1318 4611 om.
1351 4557 1487 4625 1119

2168 4644 2270 4696 16*
