3325 5209
643 421 774 482 222
1346 418 1401 472 C.
1444 417 1758 472 SVETONI
1795 418 2239 483 TR-ANQVILLI

644 586 827 646 tanta
872 582 1180 646 facilitate
1227 582 1702 665 animaduertit,
1748 587 1847 665 ut,
1896 603 2041 645 cum
2090 582 2166 645 de
2212 603 2364 646 nece
2412 581 2768 646 consularis
2815 582 2941 644 uiri

642 690 1052 753 renuntiante
1101 689 1472 754 centurione
1516 689 1763 752 factum
1812 709 1950 751 esse
1999 689 2171 771 quod
2216 689 2625 772 imperasset,
2671 691 2937 774 negaret

608 797 987 880 'quicquam
1035 818 1101 859 se
1148 795 1515 880 imperasse,
1561 794 1769 858 nihilo
1822 795 2032 857 minus
2080 817 2216 859 rem
2264 794 2728 878 comprobaret,
2767 793 2937 857 affir-

638 903 967 966 mantibus
1021 901 1275 965 libertis
1334 902 1548 965 officio
1606 900 1847 965 milites
1907 901 2190 985 functos,
2258 902 2430 985 quod
2486 902 2566 964 ad
2620 901 2933 964 ultionem

566 1025 597 1072 3
637 1009 1044 1093 imperatoris
1082 1007 1256 1073 ultro
1294 1008 1866 1092 procucurrissent.
1914 1031 2063 1071 nam
2101 1007 2263 1072 illud
2303 1029 2557 1072 omnem
2596 1008 2790 1071 fidem
2828 1029 2929 1070 ex·
2990 1034 3013 1073 5

636 1117 901 1179 cesserit
940 1115 1113 1201 quod
1150 1116 1415 1199 nuptiis,
1464 1137 1622 1199 quas
1660 1114 2011 1178 Messalina
2048 1137 2192 1178 cum
2243 1115 2534 1178 adultero
2576 1112 2736 1177 Silio
2773 1115 2931 1178 fece·

634 1228 760 1307 rat,
816 1223 1088 1287 tabellas
1138 1223 1306 1285 dotis
1364 1226 1429 1285 et
1482 1223 1621 1304 ipse
1678 1221 2185 1306 consignauerit,
2243 1221 2573 1304 inductus,
2618 1221 2807 1304 quasi
2854 1221 2929 1283 de

633 1329 954 1393 industria
1002 1329 1464 1392 simularentur
1509 1328 1589 1390 ad
1627 1328 2049 1392 auertendum
2087 1328 2728 1411 transferendumque
2765 1328 2927 1411 peri-

633 1435 866 1518 culum,
908 1436 1078 1518 quod
1120 1433 1454 1498 imminere
1492 1435 1618 1517 ipsi
1651 1456 1769 1517 per
1797 1434 2107 1518 quaedam
2139 1438 2394 1498 ostenta
2420 1434 2925 1517 portenderetur.

526 1537 617 1615 30
811 1541 1186 1606 Auctoritas
1253 1541 1661 1626 dignitasque
1717 1541 1963 1604 formae
2021 1562 2152 1604 non
2212 1541 2414 1605 defuit
2474 1544 2499 1588 †
2513 1545 2575 1604 et
2636 1545 2922 1605 ueterum
2959 1566 3009 1604 ιο

630 1650 830 1712 stanti
877 1649 982 1712 uel
1030 1649 1276 1711 sedenti
1324 1670 1397 1711 ac
1438 1650 1780 1731 praecipue
1819 1649 2190 1732 quiescenti,
2229 1670 2377 1712 nam
2417 1652 2481 1712 et
2517 1647 2769 1731 prolixo
2807 1670 2924 1711 nec

629 1755 782 1819 exili
830 1776 1097 1838 corpore
1146 1759 1283 1818 erat
1329 1758 1392 1818 et
1451 1755 1658 1838 specie
1706 1756 2065 1838 canitieque
2111 1753 2397 1838 pulchra,
2445 1755 2678 1838 opimis
2727 1756 2924 1818 cerui-

629 1861 837 1946 cibus3
894 1865 1175 1925 ceterum
1232 1866 1297 1924 et
1356 1862 1822 1947 ingredientem
1880 1861 2316 1924 destituebant
2371 1861 2650 1944 poplites
2708 1862 2920 1926 minus

628 1968 815 2050 firmi,
860 1972 923 2032 et
962 1970 1225 2032 remisse
1265 1969 1421 2052 quid
1457 1968 1562 2031 uel
1602 1969 1768 2031 serio
1810 1971 2104 2052 agentem
2143 1968 2348 2031 multa
2387 1968 2918 2033 dehonestabant:

626 2076 793 2138 risus
834 2075 1150 2158 indecens,
1200 2076 1295 2137 ira
1332 2076 1587 2158 turpior
1626 2078 1965 2159 spumante
2002 2074 2188 2156 rictU,
2227 2073 2595 2138 umentibus
2634 2075 2916 2159 naribus,
2949 2097 3000 2136 15

622 2186 953 2265 praeterea
1007 2182 1268 2266 linguae
1324 2181 1677 2245 titubantia
1733 2185 2050 2265 caputque
2112 2203 2254 2245 cum
2314 2203 2588 2265 semper,
2654 2185 2793 2245 tum
2850 2183 2917 2244 in

517 2282 602 2349 31
623 2289 1211 2372 quantulocumque
1257 2292 1403 2351 actu
1451 2290 1558 2352 uel
1595 2289 1874 2352 maxime
1910 2288 2271 2352 tremulum.
2355 2287 2710 2351 ualitudine
2750 2289 2915 2353 sicut

622 2395 776 2459 olim
823 2396 1035 2480 graui,
1091 2395 1182 2457 ita
1228 2395 1525 2478 princeps
1572 2416 1880 2477 prospera
1927 2416 2081 2457 usus
2131 2400 2228 2457 est
2283 2398 2551 2477 excepto
2599 2394 2913 2460 stomachi

621 2502 866 2586 dolore,
924 2523 1051 2585 quo
1101 2523 1167 2565 se
1215 2505 1581 2584 correptum
1630 2503 1823 2564 etiam
1874 2502 1950 2565 de
1997 2502 2444 2565 consciscenda
2489 2506 2698 2583 morte
2744 2503 2912 2585 cogi-

618 2612 789 2671 tasse
837 2609 1015 2672 dixit.
2941 2630 2993 2668 20

514 2707 601 2773 32
724 2739 728 2743 ·
800 2713 1115 2778 Conuiuia
1162 2715 1433 2798 agitauit
1482 2719 1546 2778 et
1593 2715 1807 2798 ampla
1853 2718 1916 2778 et
1964 2714 2220 2777 assidua
2267 2736 2338 2777 ac
2378 2713 2509 2777 fere
2546 2715 2910 2797 patentissi—

615 2822 739 2884 mis
785 2821 974 2905 10018,
1031 2824 1105 2885 ut
1150 2821 1529 2904 plerumque
1577 2823 1819 2884 sesceni
1878 2821 2072 2884 simul
2120 2821 2608 2886 discumberent.
2693 2821 2908 2884 conui-

613 2931 803 2991 uatus
861 2931 958 2990 est
1014 2931 1077 2991 et
1135 2949 1327 3010 super
1382 2928 1787 2991 emissarium
1842 2926 2071 2991 Fucini
2124 2928 2302 2991 lacus
2358 2949 2431 2989 ac
2485 2949 2685 3009 paene
2737 2949 2905 2990 sum-

612 3056 888 3117 mersuS‚
965 3057 1110 3098 cum
1178 3035 1409 3097 emissa
1481 3035 1725 3118 impetu
1791 3056 1957 3126 aqua
2020 3034 2453 3097 redundasset.
2557 3032 2903 3097 adhibebat

612 3142 788 3205 omni
835 3163 1024 3205 cenae
1080 3144 1144 3204 et
1198 3140 1438 3204 liberos
1486 3162 1637 3204 suos
1687 3162 1831 3204 cum
1878 3140 2095 3223 pueris
2150 3139 2510 3223 puellisque
2556 3139 2902 3223 nobilibus,
2934 3162 2985 3201 2⁵

693 3390 700 3393 .
753 3340 784 3387 6
823 3335 892 3399 ef.
915 3336 989 3388 ad
1013 3338 1317 3402 p.219,12.
1357 3333 1528 3387 Schol.
1560 3335 1922 3398 qu.10,330
1959 3349 2097 3385 uxor
2134 3332 2355 3385 Claudii
2392 3331 2714 3400 Messalina,
2756 3349 2901 3400 quae

608 3414 746 3468 Gaio
797 3414 932 3467 Silio
979 3414 1169 3482 palam
1214 3412 1431 3481 nupsit,
1481 3412 1711 3466 inducto
1760 3412 1933 3467 etiam
1982 3412 2240 3479 Claudio,
2288 3416 2352 3464 ut
2398 3412 2623 3484 ad<eo>
2674 3413 2898 3466 tabulas

607 3494 823 3548 dotales
862 3494 1202 3563 obsignaret,
1244 3493 1443 3564 [quod]
1483 3493 1646 3560 quasi
1686 3493 1754 3545 de
1784 3492 2062 3546 industria
2100 3492 2496 3545 simularentur
2534 3493 2605 3545 ad
2645 3496 2896 3546 auerten-

606 3574 738 3626 dum
777 3573 1115 3642 periculum,
1163 3574 1313 3641 quod
1351 3573 1641 3626 imminere
1679 3572 1791 3642 ipsi
1828 3590 1928 3641 per
1964 3574 2239 3640 quaedam
2279 3574 2540 3641 portenta
2577 3573 2896 3626 ostendere—

603 3657 709 3707 tur.
861 3659 925 3707 10
943 3671 1062 3721 sqq.
1106 3654 1384 3707 Einhard.
1415 3657 1491 3705 22
1540 3654 1690 3706 unde
1738 3652 1948 3706 formae
2002 3654 2306 3706 auctoritas
2359 3668 2422 3705 ac
2475 3651 2723 3721 dignitas
2779 3656 2897 3706 tam

604 3734 777 3787 stanti
817 3751 983 3800 quam
1024 3734 1241 3786 sedenti
1278 3732 1522 3802 plurima
1561 3733 1977 3799 adquirebatur.
2036 3734 2167 3787 ibid.
2209 3733 2415 3787 canitie
2451 3731 2711 3801 pulchra,
2750 3732 2896 3787 facie

601 3814 752 3867 laeta
783 3858 793 3867 .
819 3856 864 3867 ..
897 3814 1212 3867 ualitudine
1249 3830 1517 3883 prospera
1556 3814 1643 3881 (ef.
1685 3814 1792 3866 Iul.
1816 3816 1923 3881 45).

746 3991 772 4037 1
815 4001 940 4036 cum
970 4001 1068 4037 om.
1103 4000 1177 4049 ρς
1209 3985 1369 4050 (pars
1396 3984 1536 4050 edd.)
1656 3989 1687 4035 3
1729 4000 1856 4035 cum
1894 3987 2082 4036 tamen
2112 3989 2239 4049 post
2274 3983 2578 4051 imperasse
2617 3983 2746 4036 add.
2776 3986 2824 4035 Τ

600 4063 978 4132 comprobarit
997 4065 1228 4132 Bentley
1340 4070 1370 4115 6
1402 4060 1528 4115 81110
1552 4061 1649 4129 (-10
1676 4062 1741 4131 ρ)
1769 4064 1880 4128 ΤΤ,
1902 4062 1992 4115 sili
2014 4063 2315 4126 MGLPO,
2345 4062 2511 4115 silani
2542 4066 2610 4129 (ec
2629 4079 2695 4116 ss,
2725 4061 2758 4114 ·1’
2778 4066 2827 4132 0)
2850 4064 2893 4118 S

597 4149 628 4195 8
670 4144 1025 4197 simularetur
1054 4143 1213 4211 H¹Qe
1349 4148 1380 4195 9
1420 4142 1528 4194 sibi
1562 4142 1612 4195 G
1753 4147 1816 4196 10
1855 4145 1912 4195 et
1948 4145 2203 4196 ueterum
2235 4144 2308 4196 M
2323 4148 2465 4210 (-erfi
2506 4146 2567 4195 in
2603 4159 2712 4197 ras.
2745 4160 2811 4196 m.
2835 4148 2888 4212 1)

601 4224 763 4277 GLP
797 4225 944 4292 (inde
981 4223 1058 4290 ei,
1097 4239 1292 4275 uerum
1332 4224 1563 4293 Bentley
1601 4230 1651 4277 et
1692 4223 1830 4278 oud.
1864 4224 2269 4290 probabiliter),
2306 4222 2402 4274 uel
2447 4225 2493 4274 T
2517 4224 2738 4293 (uum),
2786 4240 2885 4278 om.

596 4302 824 4367 SOTN,
864 4307 920 4357 et
956 4302 1134 4357 ueteri
1169 4302 1263 4355 uel
1300 4303 1390 4356 uel
1425 4305 1483 4355 et
1517 4320 1714 4355 uerum
1760 4304 1846 4357 uel
1883 4306 2128 4356 ceterum
2167 4320 2224 4369 ς,
2264 4302 2316 4355 01
2353 4301 2446 4356 uel
2480 4303 2548 4357 G.
2569 4304 2796 4370 Becker,
2835 4303 2887 4356 ei

596 4382 824 4446 quidem
851 4383 945 4436 uel
963 4385 1138 4437 Pozak
1276 4389 1339 4435 11
1379 4383 1584 4451 prolixi
1617 4384 1746 4448 GP,
1784 4400 2014 4452 procero
2044 4384 2274 4452 Bentley
2422 4390 2485 4436 15
2525 4382 2886 4436 humentibus

598 4460 830 4526 G'XYN,
867 4461 1213 4515 tumentibus
1245 4463 1516 4515 Ruhnken
1662 4469 1726 4515 22
1768 4464 2086 4517 sexcenteni
2116 4469 2280 4531 (sesc-
2302 4463 2376 4532 R>
2403 4465 2577 4529 YNT,
2616 4464 2800 4517 seceni
2839 4471 2889 4517 et

593 4557 659 4592 88.
701 4542 983 4594 secenteni
1015 4544 1069 4606 S,
1108 4543 1370 4610 sexageni
1410 4544 1640 4610 Lipsius
