3325 5209
1146 425 1365 480 DIVVS
1402 425 1641 480 IVLIVS
1682 435 1813 485 [eff.
1843 435 2019 484 53—56]
2648 422 2734 485 29

432 586 804 652 adulescens
872 588 1081 652 adhuc
1146 587 1482 653 Strabonis
1552 587 1839 653 Caesaris
1900 591 2155 651 secutus
2215 587 2498 669 uidetur,
2553 585 2734 649 cuius

432 695 627 756 etiam
675 715 753 757 ex
801 694 1119 776 oratione,
1176 717 1338 779 quae
1386 694 1762 759 inscribitur
1805 716 1943 778 pro
1992 692 2281 777 Sardis,
2338 692 2419 756 ad
2464 692 2734 756 uerbum

431 801 744 864 nonnulla
781 802 1115 866 transtulit
1150 802 1217 865 in
1255 801 1721 866 diuinationem
1759 823 1958 866 suam.
2032 800 2482 884 pronuntiasse
2521 804 2731 863 autem

433 906 672 971 dicitur
707 929 866 972 uoce
904 912 1109 992 acuta,
1155 909 1404 973 ardenti
1439 912 1621 973 motu
1659 912 1990 993 gestuque,
2037 929 2170 971 non
2206 907 2344 972 sine
2379 910 2732 970 uenustate.

380 1037 406 1077 ⁵
437 1014 759 1078 orationes
807 1015 1056 1097 aliquas
1102 1015 1396 1100 reliquit,
1432 1015 1622 1079 -inter
1672 1036 1830 1099 quas
1876 1018 2115 1078 temere
2162 1014 2473 1099 quaedam
2520 1013 2734 1076 ferun-
2773 1035 2803 1080 3

433 1125 556 1184 tur.
630 1141 766 1203 pro
807 1120 1093 1197 Quinto
1131 1120 1453 1186 Metello
1499 1144 1632 1187 non
1671 1121 1992 1186 immerito
2030 1119 2368 1205 Augustus
2405 1119 2733 1183 existimat

435 1228 641 1312 magis
697 1228 776 1291 ab
835 1228 1112 1292 actuaris
1179 1232 1512 1312 exceptam
1572 1229 1740 1293 male
1797 1227 2332 1311 subsequentibus
2387 1225 2587 1289 uerba
2640 1224 2734 1288 di-

438 1335 664 1416 centis,
720 1356 912 1417 quam
970 1334 1050 1398 ab
1098 1336 1241 1418 ipso
1289 1334 1553 1420 editam3
1605 1358 1756 1399 nam
1812 1336 1883 1399 in
1930 1333 2311 1418 quibusdam
2360 1331 2734 1414 exemplari-

435 1440 557 1504 bus
603 1441 862 1504 inuenio
908 1462 990 1504 ne
1037 1441 1412 1526 inscriptam
1461 1443 1716 1526 quidem
1776 1463 1912 1526 pro
1958 1440 2301 1524 Metello,
2356 1440 2467 1504 sed
2515 1461 2734 1521 quam

351 1571 406 1610 10
437 1547 754 1630 scripsit
808 1545 1153 1631 Metelle,
1209 1570 1356 1613 cum
1411 1571 1489 1613 ex
1544 1572 1818 1633 persona
1872 1547 2163 1613 Caesaris
2218 1570 2423 1612 sermo
2474 1547 2560 1609 sit
2604 1545 2734 1610 Me-

437 1653 664 1716 tellum
712 1674 906 1737 seque
953 1654 1259 1719 aduersus
1307 1657 1742 1719 communium
1792 1656 2297 1719 obtrectatorum
2344 1652 2733 1717 criminatio-

437 1781 548 1823 nes
606 1761 962 1845 purgantis.
1055 1762 1252 1844 apud
1311 1762 1600 1827 milites
1676 1783 1933 1845 quoque
1993 1763 2069 1826 in
2124 1760 2501 1844 Hispania
2564 1759 2734 1823 idem
2770 1779 2804 1827 4

435 1867 772 1952 Augustus
827 1868 938 1932 uix
994 1869 1199 1952 ipsius
1254 1872 1468 1953 putat,
1534 1890 1697 1951 quae
1752 1872 1966 1932 tamen
2021 1865 2259 1951 duplex
2313 1867 2542 1930 fertur:
2607 1888 2737 1929 una

438 1974 620 2056 quasi
684 1975 897 2056 priore
961 1975 1184 2039 habita
1247 1975 1491 2059 proelio
1503 2028 1519 2060 ,
1580 1975 1780 2039 altera
1837 1974 2219 2059 posteriore,
2280 1994 2407 2056 quo
2468 1972 2734 2036 Asinius

352 2103 407 2142 15
437 2079 649 2144 Pollio
711 2102 792 2144 ne
856 2085 1111 2167 tempus
1180 2083 1437 2165 quidem
1512 2082 1930 2147 contionandi
1996 2079 2301 2145 habuisse
2365 2101 2512 2142 eum
2578 2079 2736 2143 dicit

437 2187 650 2251 subita
712 2187 998 2252 hostium
1064 2187 1446 2253 incursione.
1528 2187 1794 2271 reliquit
1847 2190 1912 2251 et
1972 2208 2187 2250 rerum
2246 2207 2503 2250 suarum
2564 2188 2841 2253 com-56

437 2294 784 2358 mentarios
823 2292 1054 2361 Gallici
1092 2295 1431 2378 ciuilisque
1469 2295 1623 2358 belli
1661 2293 2055 2378 Pompeiani.
2129 2314 2278 2355 nam
2316 2290 2734 2355 Alexandrini

435 2398 772 2483 Africique
827 2407 891 2466 et
945 2401 1392 2485 Hispaniensis
1454 2401 1734 2466 incertus
1805 2404 2027 2463 auctor
2087 2404 2209 2463 est:
2280 2398 2390 2462 alii
2450 2396 2734 2481 Oppium

436 2511 686 2591 putant,
733 2509 843 2572 alii
890 2507 1207 2591 Hirtium,
1268 2509 1379 2592 qui
1424 2508 1617 2573 etiam
1668 2506 1899 2571 Gallici
1946 2506 2100 2571 belli
2145 2505 2573 2569 nouissimum
2618 2506 2734 2568 im-

349 2635 408 2676 no
435 2615 920 2699 perfectumque
983 2615 1221 2679 librum
1280 2614 1695 2698 suppleuerit.
1786 2614 1864 2677 de
1919 2613 2391 2678 commentariis
2449 2610 2735 2676 Caesaris

440 2720 662 2785 Cicero
727 2723 797 2785 in
863 2721 1087 2785 eodem
1148 2721 1353 2785 Bruto
1410 2722 1628 2804 <262>
1686 2722 1777 2784 sic
1844 2722 2075 2785 refert:
2146 2718 2734 2784 commentarios
2773 2739 2805 2786 2

439 2827 762 2910 scripsit
804 2828 1029 2893 ualde
1076 2828 1378 2911 quidem
1425 2827 1887 2910 probandos:
1942 2826 2127 2890 nudi
2176 2830 2377 2909 sunt,
2422 2825 2616 2888 recti
2663 2829 2737 2888 et

437 2935 776 3018 uenusti,
846 2936 1049 2999 omni
1109 2939 1383 2999 ornatu
1452 2934 1841 2998 orationis
1902 2938 2284 3017 tamquam
2344 2935 2554 2997 ueste
2616 2930 2736 2993 de-

436 3045 715 3125 tracta3
762 3042 890 3105 sed
937 3042 1111 3106 dum
1156 3041 1416 3106 uoluit
1463 3041 1657 3106 alios
1705 3041 1988 3104 habere
2033 3043 2327 3125 parata,
2372 3038 2571 3102 unde
2618 3058 2735 3100 su·

351 3167 409 3209 311
439 3152 731 3212 merent
787 3148 916 3232 qui
971 3149 1269 3213 uellent
1323 3148 1664 3213 scribere
1725 3146 2166 3229 historiam,
2227 3145 2516 3228 ineptis
2573 3166 2738 3230 gra-

436 3259 597 3320 tum
625 3255 959 3321 fortasse
996 3254 1214 3338 fecit,
1245 3256 1374 3339 qui
1412 3256 1552 3319 illa
1587 3256 1858 3319 uolent
1895 3253 2366 3319 calamistris
2404 3253 2738 3336 inurere,

438 3382 662 3425 sanos
701 3362 1001 3444 quidem
1040 3361 1386 3427 homines
1427 3385 1464 3426 a
1502 3361 1908 3426 scribendo
1946 3360 2342 3424 deterruit.
2417 3358 2495 3421 de
2533 3357 2737 3421 isdem
2777 3377 2808 3426 3

440 3469 914 3532 commentariis
942 3467 1196 3532 Hirtius
1233 3470 1405 3550 (bell.
1440 3468 1608 3533 Gall.
1640 3467 1820 3532 VIII
1843 3469 1989 3551 pr.)
2026 3467 2118 3531 ita
2153 3466 2504 3550 praedicat:
2552 3464 2736 3528 adeo

438 3576 873 3659 probantur
928 3575 1259 3639 omnium
1322 3574 1642 3659 iudicio,
1697 3579 1781 3638 ut
1836 3577 2273 3658 praerepta,
2326 3594 2476 3637 non
2522 3592 2734 3655 prae-

352 3701 414 3741 zo
439 3680 605 3744 bita
648 3682 982 3749 facultas
1031 3682 1553 3767 scriptoribus
1593 3682 1967 3745 uideatur.
2042 3681 2300 3760 <cuius
2338 3682 2589 3743 tamen
2625 3677 2736 3741 rei

586 3917 613 3964 1
664 3910 1039 3964 adolescentis
1091 3913 1140 3963 Τ
1180 3912 1314 3980 (non
1360 3912 1413 3979 ρ)
1561 3915 1592 3962 6
1640 3924 1786 3977 quae
1831 3909 1941 3976 (uel
1986 3911 2117 3978 (1110)
2156 3915 2282 3978 post
2325 3907 2555 3961 metello
2606 3907 2736 3961 add.

447 3989 598 4043 T'P2
722 3990 1087 4044 existimabat
1112 3991 1213 4056 ΠΙ,
1249 3997 1301 4044 et
1334 3991 1414 4045 sic
1449 3991 1588 4044 coni.
1623 3990 1992 4046 G.G.Micller
2127 3993 2155 4040 7
2197 3988 2406 4041 acturis
2440 3988 2508 4054 G,
2546 3989 2739 4040 actua-

439 4070 540 4123 riis
585 4072 764 4139 (auct-
810 4074 873 4125 H
880 4073 954 4140 R)
1002 4076 1060 4124 X
1071 4075 1119 4124 Τ
1258 4073 1493 4139 excepta
1546 4069 1698 4124 T'02
1841 4075 1873 4122 8
1923 4069 2078 4123 edita
2132 4066 2253 4122 T'O
2399 4073 2466 4121 10
2513 4067 2740 4135 scripsit

442 4166 544 4203 om.
574 4151 627 4204 L
663 4152 855 4220 (quam
886 4150 1113 4221 scripsit
1148 4157 1396 4219 suspecta
1442 4150 1746 4217 Torrentio)
1892 4148 2155 4204 Metellus
2179 4148 2374 4202 Madd.
2523 4154 2588 4201 13
2617 4148 2738 4218 uix]

442 4230 754 4285 orationem
802 4247 922 4285 esse
969 4234 1053 4300 (in
1097 4248 1302 4285 rasura
1353 4231 1423 4297 Ο,
1470 4247 1519 4284 0.
1569 4246 1691 4283 esse
1737 4227 1835 4282 uix
1877 4230 1951 4297 T)
1996 4226 2234 4283 <1⁷‘P20²
2380 4232 2446 4280 18
2495 4225 2740 4296 Oppium

440 4312 646 4379 putant
665 4310 766 4364 alii
784 4329 887 4366 om.
909 4313 964 4367 V
1085 4318 1148 4365 19
1169 4310 1538 4364 nouissimum
1557 4309 1765 4363 librum
1785 4308 2178 4377 imperfectum
2198 4307 2375 4362 Polak
2512 4311 2580 4359 20
2609 4324 2740 4375 sup-

440 4388 622 4460 pleuit
662 4392 1028 4447 C.G.Mu‘ller
1172 4390 1425 4445 Caesaris
1463 4407 1564 4444 om.
1611 4393 1660 4443 Τ
1800 4394 1867 4442 23
1906 4388 2071 4458 quasi
2112 4389 2164 4443 G
2308 4393 2377 4440 30
2416 4389 2644 4454 lacuna,
2689 4388 2744 4440 si

441 4471 598 4525 modo
633 4473 773 4540 fuit,
815 4474 1029 4541 expleta
1065 4488 1132 4526 ex
1167 4472 1362 4525 Hirtio
1399 4472 1461 4523 in
1500 4487 1559 4537 ς,
1609 4471 1674 4522 in
1719 4468 1764 4522 O
1805 4470 2050 4540 margini
2095 4469 2392 4537 adscripsit
2435 4486 2503 4522 m.
2542 4482 2738 4534 recens,

442 4549 588 4623 <alii
625 4552 775 4606 enim
813 4568 983 4621 quam
1021 4550 1354 4623 eleganter>
1393 4570 1424 4619 ρ
