3325 5209
1105 420 1324 475 DIVVs
1361 420 1601 474 IVLIVS
1641 387 1772 482 [cip.
1806 432 1979 481 εις-29]
2613 423 2692 486 15

387 587 708 666 acturum,
754 583 1006 647 rettulit
1051 583 1132 647 ad
1180 588 1492 668 senatum,
1537 589 1611 648 ut
1657 585 1717 648 ei
1756 584 2199 649 succederetur
2236 588 2383 648 ante
2420 587 2691 669 tempus,

389 690 697 772 quoniam
753 689 924 753 bello
983 691 1276 755 confecto
1333 713 1459 774 pax
1519 695 1686 755 esset
1740 713 1815 755 ac
1871 690 2110 753 dimitti
2167 691 2424 755 deberet
2481 690 2694 756 uictor

389 797 737 880 exercitus3
785 800 848 859 et
893 818 973 859 ne
1020 796 1304 862 absentis
1351 797 1514 862 ratio
1555 797 1834 862 comitiis
1871 796 2232 881 haberetur,
2280 797 2536 880 quando
2573 819 2692 863 nec

389 903 568 986 plebi
615 904 776 967 scito
823 902 1170 985 Pompeius
1215 907 1439 987 postea
1485 904 1875 988 abrogasset.
1968 904 2285 968 acciderat
2331 907 2571 986 autem,
2620 909 2693 968 ut
2731 921 2761 968 3

335 1031 361 1071 5
390 1010 446 1072 is
492 1011 705 1094 legem
753 1010 830 1072 de
867 1010 1004 1073 iure
1043 1012 1538 1095 magistratuum
1575 1011 1787 1075 ferens
1826 1032 1901 1074 eo
1941 1010 2168 1093 capite,
2216 1032 2342 1093 quo
2379 1010 2692 1093 petitione

390 1116 713 1179 honorum
760 1115 1042 1180 absentis
1090 1116 1532 1200 submonebat,
1577 1139 1658 1180 ne
1698 1115 2031 1181 Caesarem
2072 1116 2330 1199 quidem
2369 1116 2693 1200 exciperet

390 1244 506 1305 per
564 1222 984 1308 obliuionem,
1047 1246 1119 1288 ac
1174 1244 1327 1287 mox
1379 1222 1525 1307 lege
1579 1224 1707 1287 iam
1764 1223 1833 1286 in
1880 1245 1985 1287 aes
2041 1222 2244 1287 incisa
2298 1227 2362 1288 et
2406 1223 2476 1286 in
2522 1245 2690 1287 aera—

391 1331 560 1394 rium
621 1329 881 1393 condita
945 1330 1297 1416 corrigeret
1367 1351 1663 1394 errorem.
1772 1352 1890 1394 nec
1951 1334 2287 1394 contentus
2347 1328 2690 1393 Marcellus

390 1437 758 1520 prouincias
808 1434 1062 1499 Caesari
1109 1440 1173 1500 et
1217 1437 1632 1522 priuilegium
1672 1437 1934 1519 eripere,
1980 1436 2316 1519 re<t>tulit
2362 1436 2572 1519 etiam,
2618 1440 2692 1499 ut

309 1565 364 1606 ιο
391 1543 664 1627 colonis,
731 1564 892 1626 quos
956 1543 1294 1627 rogatione
1340 1542 1603 1607 Vatinia
1656 1542 1921 1606 Nouum
1980 1540 2249 1606 Comum
2307 1542 2690 1624 deduxisset,

393 1651 619 1713 ciuitas
681 1650 1093 1731 adimeretur,
1159 1650 1332 1732 quod
1377 1672 1493 1733 per
1539 1649 1957 1713 ambitionem
2008 1652 2070 1713 et
2115 1651 2286 1713 ultra
2341 1649 2690 1732 praescrip-

391 1761 531 1819 tum
578 1756 727 1820 data
773 1759 955 1819 esset.

571 1859 946 1925 Commotus
1011 1861 1113 1926 his
1181 1861 1410 1926 Caesar
1474 1885 1548 1927 ac
1610 1862 1926 1945 iudicans,
1992 1862 2165 1945 quod
2226 1883 2413 1946 saepe
2473 1884 2550 1926 ex
2610 1884 2685 1925 eo
2706 1861 2795 1926 29

391 1968 681 2031 auditum
756 1968 998 2052 ferunt,
1074 1968 1404 2033 difficilius
1472 1991 1538 2033 se
1602 1969 1961 2053 principem
2033 1968 2314 2032 ciuitatis
2380 1992 2416 2033 a
2477 1967 2687 2053 primo

305 2094 361 2136 15
392 2074 615 2138 ordine
675 2074 742 2137 in
814 2075 1164 2138 secundum
1226 2098 1418 2158 quam
1490 2098 1570 2140 ex
1630 2075 1908 2140 secundo
1969 2074 2037 2137 in
2101 2066 2526 2139 nouissimum
2588 2074 2689 2137 de-

390 2181 593 2264 trudi,
641 2203 891 2244 summa
938 2204 1060 2265 ope
1106 2172 1372 2265 restitit,
1433 2182 1672 2265 partim
1718 2204 1836 2265 per
1880 2182 2329 2245 intercessores
2376 2181 2689 2261 tribunos,

388 2288 627 2372 partim
675 2310 789 2372 per
837 2287 1130 2353 Seruium
1179 2287 1538 2372 Sulpicium
1587 2287 1861 2352 alterum
1908 2288 2252 2352 consulem.
2327 2287 2688 2370 insequenti

391 2416 648 2478 quoque
696 2416 863 2462 anno
915 2393 1072 2459 Gaio
1110 2394 1435 2479 Marcello,
1482 2394 1593 2479 qui
1639 2395 1824 2458 fratri
1869 2394 2148 2478 patrueli
2195 2415 2310 2457 suo
2357 2392 2573 2457 Marco
2623 2393 2690 2455 in

394 2502 730 2566 consulatu
797 2506 1216 2584 successerat,
1280 2501 1501 2565 eadem
1561 2504 1918 2584 temptante
1990 2500 2302 2586 collegam
2372 2501 2507 2564 eius
2569 2499 2688 2563 Ae—

305 2627 362 2666 20
391 2608 644 2672 milium
689 2606 965 2671 Paulum
1014 2606 1368 2690 Gaiumque
1417 2606 1759 2672 Curionem
1816 2607 2356 2672 uiolentissimum
2401 2607 2690 2671 tribuno-

390 2738 534 2779 rum
592 2714 842 2799 ingenti
897 2714 1185 2779 mercede
1252 2713 1616 2779 defensores
1673 2715 1943 2798 parauit.
2039 2714 2150 2777 sed
2206 2736 2351 2779 cum
2408 2716 2688 2778 obstina-
2745 2737 2755 2776 r

390 2823 519 2886 tius
567 2822 784 2886 omnia
841 2823 946 2906 agi
1000 2822 1250 2886 uideret
1306 2825 1369 2885 et
1426 2819 1793 2904 designatos
1846 2820 2039 2885 etiam
2088 2821 2379 2886 consules
2428 2844 2462 2885 e
2507 2827 2689 2904 parte

392 2930 671 3012 diuersa,
731 2932 1022 2992 senatum
1082 2929 1318 2992 litteris
1378 2927 1753 3011 deprecatus
1810 2931 1933 3010 est,
1990 2949 2072 2991 ne
2128 2928 2253 2991 6161
2305 2928 2687 2992 beneficium

390 3036 618 3120 populi
662 3035 1067 3119 adimeretur,
1112 3039 1223 3099 aut
1268 3039 1342 3098 ut
1390 3034 1586 3100 ceteri
1633 3055 1888 3118 quoque
1935 3035 2351 3118 imperatores
2398 3035 2476 3098 ab
2516 3057 2687 3099 exer-

308 3159 362 3199 35
391 3143 626 3207 61116116
675 3142 1094 3226 discederent3
1151 3143 1450 3224 confisuS,
1496 3145 1568 3205 ut
1613 3145 1872 3226 putant,
1923 3140 2177 3205 facilius
2226 3164 2309 3224 se,
2358 3142 2549 3205 simul
2597 3147 2685 3205 at-

392 3270 516 3331 que
569 3249 890 3328 libuisset,
946 3253 1285 3313 ueteranos
1342 3253 1846 3313 conuocaturum
1902 3270 2093 3330 quam
2153 3247 2529 3329 Pompeium
2575 3270 2687 3311 no-

390 3377 507 3419 uos
552 3356 808 3420 milites,
900 3376 1043 3418 cum
1092 3354 1471 3419 aduersariis
1519 3359 1732 3418 autem
1777 3354 2045 3439 pepigit,
2091 3357 2162 3417 ut
2211 3353 2493 3416 dimissis
2540 3358 2685 3418 octo

388 3460 754 3545 legionibus
811 3461 1358 3545 Transalpinaque
1416 3460 1624 3525 Gallia
1686 3461 1846 3524 duae
1902 3460 2027 3523 sibi
2089 3461 2375 3545 legiones
2433 3464 2496 3526 et
2553 3459 2686 3525 Cis-

391 3568 610 3651 alpina
671 3569 1006 3650 prouincia
1069 3570 1176 3632 uel
1239 3568 1433 3631 etiarn
1497 3590 1625 3631 una
1688 3567 1858 3652 legio
1928 3589 2072 3631 cum
2138 3566 2398 3650 Illyrico
2466 3588 2685 3632 conce-

535 3746 602 3795 20
640 3742 812 3796 Schol.
843 3743 1057 3796 Lucan.
1088 3743 1131 3794 I
1148 3746 1261 3796 269
1292 3744 1374 3797 W.
1407 3741 1613 3795 Caesar
1640 3741 1890 3810 corrupit
1919 3740 2213 3795 Curionem
2242 3742 2484 3811 pecunia
2520 3759 2683 3810 anno,

392 3837 502 3887 quo
538 3821 652 3875 fuit
686 3821 963 3889 tribunus,
1000 3824 1065 3874 ut
1101 3820 1321 3874 faueret
1357 3820 1483 3889 sibi,
1521 3824 1585 3874 ut
1622 3821 1921 3874 Suetonius
1951 3821 2109 3889 dicit,
2148 3824 2205 3875 et
2233 3821 2528 3877 Curionem
2564 3824 2685 3876 uio-
2761 3823 2762 3826 ’

390 3900 766 3954 lentissimum
784 3901 1135 3955 tribunorum
1156 3901 1265 3955 sibi
1285 3901 1505 3971 ingenti
1524 3901 1782 3955 mercede
1801 3901 2044 3969 parauit.
2176 3907 2241 3954 27
2281 3920 2335 3956 u.
2368 3904 2441 3956 ad
2462 3920 2521 3971 p.
2546 3909 2631 3969 11,
2651 3908 2684 3956 4

535 4067 565 4113 3
602 4062 729 4132 nec]
768 4062 870 4116 del.
907 4062 1164 4131 1311161113,
1221 4061 1274 4115 61
1322 4063 1475 4116 Torr.
1514 4062 1891 4131 (Mommsen),
1949 4065 2006 4115 et
2052 4063 2100 4115 I.
2133 4064 2203 4116 F.
2241 4062 2504 4128 Gronov„
2558 4062 2684 4133 lege

396 4141 456 4195 Ο.
478 4142 798 4210 Hirschfeld
922 4147 956 4194 4
991 4141 1295 4210 plebi.cito
1325 4142 1444 4207 Va,
1481 4141 1666 4211 plebis
1695 4142 1836 4195 scito
1861 4142 2085 4196 GTPO
2210 4143 2538 4211 obrogasset
2564 4144 2683 4199 edd.

390 4238 513 4276 cum
549 4221 823 4290 Stephano
966 4227 997 4275 5
1037 4237 1072 4275 a
1107 4221 1383 4291 petitione
1419 4227 1576 4290 (app-
1607 4225 1669 4275 H
1675 4222 1712 4290 ¹)
1750 4221 1963 4275 HRP²
1979 4222 2165 4277 0²81*
2307 4227 2372 4276 10
2410 4224 2686 4276 uaticinia

392 4300 725 4368 LPOSIP,
761 4300 1014 4354 uaticina
1041 4303 1094 4367 ὃ,
1130 4303 1198 4368 cf.
1222 4305 1445 4370 p.11,4
1592 4308 1658 4355 14
1696 4301 1884 4354 ferunt
1912 4318 2047 4357 corr.
2087 4320 2154 4356 ex
2181 4302 2392 4356 fuerint
2421 4304 2509 4369 M,
2545 4321 2681 4358 corr.

390 4398 458 4435 eoe
502 4380 680 4435 fertur
716 4383 787 4447 P,
830 4382 1008 4436 fertur
1046 4383 1143 4449 RQ
1291 4387 1355 4435 16
1403 4398 1506 4450 per
1541 4398 1642 4435 om.
1687 4382 1738 4434 G
1885 4387 1949 4434 19
1999 4381 2352 4435 661161113111111
2395 4384 2484 4442 Τς
2522 4389 2571 4437 et
2607 4385 2687 4437 sic

383 4477 488 4528 pro
515 4478 570 4515 u.
594 4462 628 4515 l.
653 4478 723 4515 88.
743 4459 828 4514 Π8
855 4462 944 4531 (cf.
967 4478 1028 4529 p.
1051 4466 1139 4526 10,
1156 4464 1249 4530 24)
1394 4463 1734 4528 tempestate
1766 4463 1818 4515 V
1956 4467 2021 4513 22
2054 4464 2111 4514 et
2137 4479 2237 4515 om.
2272 4464 2347 4516 M
2487 4462 2683 4533 etiam]

389 4539 506 4592 iam
543 4539 598 4595 G
