3325 5209
574 399 704 463 164
1266 399 1322 454 e.
1363 399 1679 454 stToNI
1715 397 2159 464 TRANQVILLI

574 563 744 627 enim
781 562 1281 627 necessitudines
1317 563 1595 646 reliquas
1626 599 1709 608 ——
1740 562 1852 626 diu
1889 565 2225 627 cunctatus
2265 583 2347 625 an
2386 561 2510 626 sibi
2548 583 2865 627 successo-

575 690 711 734 rem
759 668 1131 752 destinaret,
1190 669 1625 754 adoptandum
1673 668 1929 733 Tiberio
1977 668 2247 753 dederit3
2304 668 2397 732 sic
2443 669 2643 753 uulgo
2690 669 2864 732 fauo·

574 774 824 859 rabilis,
870 780 944 839 ut
989 775 1253 861 plurimi
1297 775 1577 859 tradant,
1636 775 1935 859 quotiens
1985 774 2206 858 aliquo
2256 774 2588 839 adueniret
2633 773 2739 840 uel
2786 775 2865 839 si-

571 882 778 948 cunde
838 882 1216 966 discederet,
1275 904 1427 967 prae
1483 882 1673 946 turba
1729 881 2198 947 occurrentium
2258 882 2865 965 prosequentiumue

569 1011 1054 1073 nonnumquam
1115 1010 1264 1054 eum
1323 989 1666 1054 discrimen
1727 988 1902 1054 uitae
1948 988 2180 1071 adisse,
2240 1011 2276 1053 e
2323 985 2665 1053 Germania
2708 1010 2863 1052 uero
2919 1013 2946 1051 r»

573 1099 723 1179 post
788 1118 1217 1181 compressam
1283 1096 1661 1161 seditionem
1725 1095 2077 1161 reuertenti
2140 1095 2578 1179 praetorianas
2644 1094 2866 1160 cohor-

569 1208 667 1266 tes
715 1203 1050 1268 uniuersas
1101 1203 1390 1287 prodisse
1447 1203 1734 1286 obuiam,
1793 1201 2093 1286 quamuis
2147 1202 2636 1286 pronuntiatum
2683 1206 2865 1284 esset,

571 1312 644 1372 ut
691 1309 851 1373 duae
898 1313 1151 1373 tantum
1197 1310 1390 1374 modo
1440 1309 1715 1393 exirent,
1765 1309 1994 1395 populi
2041 1312 2255 1372 autem
2302 1306 2578 1373 Romani
2625 1330 2865 1392 sexum,

573 1419 875 1500 aetatem,
923 1416 1205 1481 ordinem
1259 1438 1510 1481 omnem
1560 1437 1764 1499 usque
1822 1416 1900 1480 ad
1957 1415 2333 1480 uicesimum
2388 1414 2664 1500 lapidem
2712 1416 2880 1480 effu-¹¹

501 1518 544 1585 ὅ
579 1522 745 1586 disse
792 1544 877 1588 se.
960 1527 1178 1587 tamen
1231 1522 1424 1608 longe
1478 1523 1725 1587 maiora
1779 1527 1844 1587 et
1896 1523 2184 1587 firmiora
2240 1523 2316 1586 de
2372 1543 2448 1586 eo
2509 1521 2745 1587 iudicia
2798 1523 2866 1586 in
2895 1544 2950 1584 ιο

573 1632 781 1694 morte
847 1651 922 1694 ac
993 1634 1142 1713 post
1203 1633 1479 1694 mortem
1536 1630 1905 1695 extiterunt.
2003 1651 2130 1713 quo
2194 1630 2531 1694 defunctus
2593 1633 2689 1694 est
2747 1628 2881 1713 die,

573 1736 860 1820 lapidata
908 1739 1060 1799 sunt
1112 1735 1379 1820 templa,
1428 1736 1772 1801 subuersae
1818 1736 2008 1801 deum
2055 1758 2231 1820 arae,
2286 1734 2479 1800 Lares
2527 1758 2564 1799 a
2610 1735 2868 1820 quibus-

576 1843 723 1906 dam
761 1842 1112 1907 familiares
1152 1843 1219 1906 in
1253 1842 1586 1926 publicum
1635 1843 1886 1927 abiecti,
1929 1846 2153 1926 partus
2192 1843 2539 1928 coniugum
2575 1843 2867 1926 expositi.

579 1949 738 2032 quin
784 1953 849 2013 et
894 1948 1202 2013 barbaros
1249 1948 1492 2033 ferunt,
1539 1949 1775 2033 quibus
1822 1949 2197 2014 intestinum
2246 1948 2605 2032 quibusque
2652 1950 2870 2014 aduer-

581 2076 689 2120 sus
743 2076 864 2121 nos
921 2056 1162 2120 bellum
1219 2059 1412 2136 esset,
1470 2056 1650 2121 uelut
1696 2057 1765 2120 in
1811 2056 2160 2121 domestico
2208 2056 2659 2140 communique
2706 2079 2871 2120 mae·
2899 2080 2950 2119 ιε,

575 2183 718 2226 rore
747 2161 1141 2227 consensisse
1171 2163 1251 2227 ad
1281 2162 1589 2246 indutias3
1635 2161 1896 2247 regulos
1935 2163 2245 2246 quosdam
2284 2161 2549 2226 barbam
2579 2163 2869 2246 posuisse

578 2273 643 2333 et
689 2291 960 2335 uxorum
1015 2270 1227 2353 capita
1280 2269 1510 2334 rasisse
1556 2269 1637 2333 ad
1685 2268 1993 2334 indicium
2040 2268 2306 2333 maximi
2351 2268 2589 2353 luctus3
2644 2290 2868 2354 regum

582 2376 779 2442 etiam
823 2397 1038 2460 regem
1081 2380 1144 2439 et
1184 2376 1637 2440 exercitatione
1677 2376 1950 2440 uenandi
1989 2380 2054 2440 et
2094 2376 2390 2440 conuictu
2441 2377 2868 2461 megistanum
2959 2438 2970 2447 ,

504 2478 549 2543 6
579 2483 994 2564 abstinuisse,
1050 2483 1222 2566 quod
1268 2481 1439 2565 apud
1492 2482 1768 2546 Parthos
1824 2482 2117 2566 iusti<ti>
2161 2482 2365 2547 instar
2419 2485 2532 2546 est.
2624 2480 2869 2546 Romae

577 2590 855 2673 quidem,
904 2611 1045 2654 cum
1095 2587 1175 2652 ad
1210 2588 1485 2673 primam
1524 2589 1764 2652 famam
1801 2588 2177 2653 ualitudinis
2216 2589 2493 2653 attonita
2529 2593 2593 2652 et
2629 2593 2871 2652 maesta
2897 2613 2952 2651 20

577 2695 807 2759 ciuitas
855 2695 1182 2779 sequentis
1227 2695 1493 2758 nuntios
1540 2696 1968 2780 opperiretur,
2024 2700 2089 2759 et
2134 2699 2396 2779 repente
2444 2696 2572 2760 iam
2617 2695 2871 2778 uesperi

577 2804 839 2867 incertis
885 2801 1255 2866 auctoribus
1303 2801 1707 2865 conualuisse
1753 2803 2010 2866 tandem
2058 2802 2587 2885 percrebruisset,
2631 2802 2870 2885 passim

577 2932 725 2975 cum
780 2908 1133 2973 luminibus
1189 2911 1254 2973 et
1297 2908 1582 2973 uictimis
1638 2908 1708 2971 in
1765 2898 2182 2991 Capitolium¹
2217 2929 2599 2974 concursum
2656 2912 2754 2972 est
2799 2929 2871 2971 ac

578 3038 781 3101 paene
826 3016 1114 3081 reuolsae
1160 3016 1390 3098 templi
1435 3015 1633 3099 fores,
1689 3037 1768 3078 ne
1818 3015 1972 3098 quid
2027 3015 2365 3099 gestientis
2410 3019 2567 3079 uota
2611 3015 2871 3078 reddere

579 3127 963 3207 moraretur,
1008 3121 1492 3207 expergefactus
1539 3145 1574 3185 e
1621 3142 1848 3185 somno
1896 3120 2192 3186 Tiberius
2249 3122 2713 3207 gratulantium
2760 3141 2869 3184 uo-
2899 3145 2951 3183 25

578 3230 757 3295 cibus
805 3236 997 3314 atque
1041 3228 1323 3313 undique
1369 3228 1842 3292 concinentium
1887 3226 2119 3310 <FPR
2155 3251 2219 3309 p.
2249 3231 2444 3310 360>z

667 3337 883 3403 salua
920 3335 1180 3414 Roma,
1225 3334 1438 3400 salua
1485 3335 1765 3418 patria,
1814 3333 2072 3399 saluus
2120 3340 2236 3399 est
2277 3333 2783 3399 Germanicus.

509 3454 540 3501 2
581 3448 644 3508 et
702 3447 777 3507 ut
837 3443 1091 3508 demum
1150 3442 1284 3505 fato
1345 3441 1638 3505 functum
1700 3442 1914 3525 palam
1969 3441 2209 3505 factum
2266 3445 2389 3524 est,
2444 3463 2574 3504 non
2621 3440 2872 3506 solaciis

580 3550 757 3631 ullis,
812 3571 942 3614 non
997 3548 1223 3613 edictis
1277 3546 1559 3612 inhiberi
1612 3550 1827 3612 luctus
1872 3546 2172 3632 publicus
2227 3547 2445 3632 potuit
2491 3548 2874 3630 durauitque

582 3656 774 3721 etiam
829 3678 944 3741 per
997 3654 1195 3719 festos
1250 3653 1625 3720 Decembris
1683 3655 1919 3719 mensis
1978 3654 2130 3718 dies.
2214 3654 2396 3718 auxit
2453 3652 2724 3739 gloriam
2773 3653 2874 3715 de·
2902 3678 2956 3718 so

583 3764 1014 3846 sideriumque
1088 3761 1373 3827 defuncti
1447 3766 1511 3825 et
1576 3762 1879 3824 atrocitas
1954 3760 2428 3843 insequentium
2493 3765 2873 3844 temporum,

583 3871 829 3937 cunctis
884 3890 1001 3933 nec
1057 3872 1293 3931 temere
1349 3866 1766 3950 opinantibus
1821 3869 2179 3931 reuerentia
2235 3869 2372 3931 eius
2429 3888 2502 3931 ac
2557 3870 2733 3930 metu
2780 3888 2874 3929 re-

726 4052 754 4099 1
795 4045 1088 4098 cunctatus
1127 4041 1201 4095 sit
1233 4041 1284 4095 G
1429 4048 1459 4094 2
1500 4057 1570 4094 an
1610 4042 1917 4110 optandum
1953 4042 2003 4096 G
2147 4042 2410 4096 tiberium
2457 4042 2526 4094 M
2533 4042 2550 4073 ¹
2694 4048 2724 4095 3
2763 4044 2875 4094 tra-

581 4127 723 4178 dunt
752 4128 810 4177 X
924 4128 956 4174 4
995 4122 1418 4191 sequentiumue
1453 4122 1505 4175 G
1626 4128 1658 4173 5
1699 4138 1728 4174 e
1764 4139 1865 4175 om.
1892 4125 1939 4174 Τ
2063 4127 2094 4174 6
2133 4122 2466 4175 reuertentis
2498 4124 2572 4176 M
2695 4127 2760 4175 10
2789 4122 2874 4174 in-

581 4205 729 4258 ditia
773 4205 833 4268 T,
868 4203 1081 4257 indicia
1118 4203 1366 4273 Bentley,
1403 4203 1472 4268 ef.
1506 4201 1622 4255 Gal.
1642 4205 1717 4254 25
1882 4207 1946 4254 11
1987 4202 2075 4272 ac]
2116 4204 2173 4254 et
2214 4202 2264 4256 G
2427 4208 2490 4255 19
2530 4202 2741 4256 iusticii
2772 4201 2876 4270 HQ

582 4283 698 4353 (-tii
726 4282 846 4350 12⁸),
875 4282 1010 4335 iusti
1038 4284 1131 4336 rel.
1160 4283 1254 4351 (Ω)
1364 4288 1429 4334 22
1461 4280 1843 4336 conualuisset
1866 4281 2109 4337 MGL¹6
2217 4282 2560 4351 tandemque
2580 4282 2632 4337 G
2661 4285 2793 4350 (non
2820 4285 2874 4351 9)

584 4369 651 4416 25
681 4364 1033 4416 morarentur
1060 4362 1248 4417 LPH¹
1285 4363 1437 4432 (pars
1474 4361 1615 4430 edd.)
1727 4361 1778 4430 e]
1821 4376 1854 4413 a
1896 4362 1942 4431 Q
2049 4365 2134 4415 est
2166 4367 2291 4431 post
2319 4362 2575 4416 Tiberius
2613 4363 2740 4416 add.
2773 4362 2878 4431 HQ

581 4443 776 4513 (uuly.)
914 4447 980 4493 28
1012 4443 1090 4512 et]
1130 4442 1227 4494 sed
1265 4459 1292 4497 e
1327 4442 1439 4495 cod.
1478 4442 1630 4495 Torr.
1663 4441 1894 4495 Oasaub.
2043 4447 2109 4493 30
2147 4442 2426 4511 perfectos
2460 4442 2711 4509 GL¹PT,
2751 4459 2877 4511 pro-

582 4524 757 4576 festos
796 4523 902 4591 (-as
937 4522 1000 4591 Q)
1022 4522 1155 4591 H¹Q
