3325 5209
576 400 708 463 254
1271 398 1326 452 C.
1368 398 1683 451 SVETONI
1720 396 2164 461 TRANQVILLI

505 580 535 627 5
752 561 972 626 Iunxit
1032 563 1375 644 parricidio
1435 562 1659 625 matris
1721 562 1953 625 amitae
2012 581 2249 622 necem.
2337 582 2528 642 quam
2590 581 2735 624 cum
2792 582 2868 623 ex

575 669 810 734 duritie
869 657 1030 733 alui⁸
1063 667 1401 732 cubantem
1461 669 1783 749 uisitaret‚
1854 671 1919 730 et
1981 666 2092 729 illa
2153 670 2435 729 tractans
2495 666 2865 752 lanuginem

575 777 729 856 61116,
767 780 839 839 ut
878 775 1131 858 assolet,
1168 775 1296 838 iam
1335 775 1593 861 grandis
1631 779 1789 855 natu
1826 797 1941 858 per
1976 772 2323 836 blanditias
2360 774 2528 836 forte
2577 773 2866 836 dixisset:

573 883 801 946 simul
847 882 1038 946 hanc
1085 904 1481 966 excepero,
1528 883 1726 945 mori
1771 881 1978 965 u010,
2025 902 2372 945 conuersus
2416 880 2496 942 ad
2533 881 2864 963 proximos

572 990 979 1053 confestim
1020 1011 1095 1053 se
1133 991 1568 1072 positurum
1596 989 1777 1053 uelut
1815 988 2086 1051 irridens
2126 988 2218 1050 ait
2253 986 2708 1071 praecepitque
2737 1010 2864 1052 me·
2922 1011 2949 1050 5

573 1095 732 1160 dicis
788 1101 862 1160 ut
919 1096 1165 1181 largius
1223 1100 1572 1181 purgarent
1627 1117 1913 1179 aegram3
1975 1094 2249 1158 necdum
2303 1093 2640 1157 defunctae
2695 1093 2865 1156 bona

572 1202 811 1266 inuasit
858 1224 1201 1286 suppresso
1250 1207 1652 1285 testament0‚
1698 1223 1780 1265 ne
1828 1201 1982 1284 quid
2029 1200 2414 1263 abscederet.

465 1307 556 1372 35
749 1309 997 1373 onres
1051 1313 1305 1393 praeter
1360 1307 1694 1373 Octauiam
1751 1309 1908 1371 duas
1963 1312 2188 1390 postea
2234 1306 2442 1369 duxit:
2498 1305 2859 1389 Poppaeam

572 1415 877 1480 Sabinam
927 1410 1291 1499 quaestorio
1349 1419 1530 1499 patre
1585 1420 1803 1479 natam
1860 1419 1924 1478 et
1970 1413 2187 1496 equiti.
2220 1413 2294 1477 R..
2343 1416 2529 1476 antea
2574 1416 2865 1495 nuptam,

511 1585 516 1593 ,
570 1523 796 1586 deinde
846 1522 1168 1586 Statiliam
1215 1522 1626 1587 Messalinam
1674 1521 1870 1585 Tauri
1915 1522 2017 1585 bis
2063 1519 2346 1585 consulis
2395 1541 2467 1582 ac
2508 1518 2859 1602 triumpha·
2893 1544 2947 1582 ιο

568 1629 651 1692 lis
698 1629 1058 1712 abneptem.
1144 1652 1270 1711 qua
1313 1634 1388 1692 ut
1441 1633 1800 1712 poteretur,
1854 1628 2065 1691 uirum
2124 1628 2261 1691 eius
2315 1626 2605 1689 Atticum
2656 1624 2861 1689 Vesti-

569 1753 725 1798 num
782 1737 1110 1800 consulem
1168 1736 1235 1798 in
1288 1736 1532 1800 honore
1589 1737 1733 1819 ipso
1789 1734 2151 1798 trucidauit.
2247 1733 2550 1797 Octauiae
2603 1753 2861 1796 consue-

570 1837 859 1906 tudinem
898 1843 1027 1907 cito
1075 1847 1469 1926 aspernatus,
1517 1842 2013 1925 corripientibus
2061 1841 2282 1904 amicis
2322 1840 2690 1902 sufficere
2737 1837 2863 1901 illi

498 1963 527 2009 2
569 1949 842 2012 debere
902 1949 1235 2032 respondit
1289 1935 1561 2013 uxoria
1621 1952 2082 2014 ornamenta.
2167 1946 2428 2010 eandem
2479 1969 2627 2009 mox
2675 1967 2861 2028 saepe

567 2057 806 2119 frustra
852 2056 1251 2139 strangulare
1297 2056 1644 2120 meditatus
1695 2056 1938 2119 dimisit
1982 2059 2055 2117 ut
2103 2054 2411 2137 sterilem,
2468 2053 2578 2117 sed
2625 2053 2860 2135 impro-
2892 2077 2942 2115 15

568 2162 761 2226 bante
819 2162 1169 2240 diuortium
1226 2163 1469 2246 populo
1524 2184 1642 2225 nec
1699 2166 1996 2245 parcente
2053 2161 2388 2244 conuiciis,
2455 2161 2648 2223 etiam
2704 2158 2859 2223 rele-

570 2270 776 2354 gauit,
833 2269 1107 2352 denique
1171 2270 1405 2333 occidit
1461 2270 1579 2332 sub
1637 2267 1902 2332 crimine
1959 2268 2422 2331 adulteriorum
2472 2267 2626 2330 adeo
2676 2266 2860 2348 inpu-

571 2376 746 2439 denti
801 2374 1119 2459 falsoque,
1176 2379 1247 2438 ut
1302 2375 1371 2438 in
1427 2375 1799 2458 quaestione
1855 2374 2353 2458 pernegantibus
2410 2373 2658 2436 cunctis
2708 2372 2859 2434 Ani-

565 2485 778 2545 cetum
838 2466 1283 2566 paedagogum
1347 2503 1533 2544 suum
1595 2482 1867 2545 indicem
1934 2481 2300 2563 subiecerit,
2362 2480 2471 2563 qui
2532 2480 2805 2563 fingeret
2833 2479 2858 2523 †

497 2601 527 2648 3
566 2588 714 2651 dolo
791 2591 1148 2670 stupratam
1213 2611 1250 2651 a
1315 2609 1380 2650 se
1453 2590 1782 2675 fateretur.
1883 2587 2249 2671 Poppaeam
2315 2586 2690 2650 duodecimo
2759 2585 2859 2648 die
2889 2608 2942 2646 20

565 2697 714 2776 post
779 2695 1129 2757 diuortium
1190 2692 1494 2758 Octauiae
1561 2696 1628 2757 in
1693 2696 2175 2757 matrimonium
2244 2697 2567 2776 acceptam
2633 2692 2858 2755 dilexit

565 2801 776 2884 unice3
837 2804 901 2863 et
960 2804 1174 2864 tamen
1237 2801 1440 2883 ipsam
1504 2822 1759 2884 quoque
1816 2802 1947 2863 ictu
2005 2801 2196 2863 calcis
2255 2800 2515 2882 occidit,
2572 2800 2741 2882 quod
2791 2820 2857 2862 se

565 2929 641 2971 ex
691 2908 1093 2992 aurigatione
1151 2929 1291 2970 sero
1346 2929 1677 2971 reuersum
1734 2907 2000 2990 grauida
2056 2911 2121 2970 et
2169 2928 2359 2991 aegra
2406 2906 2717 2970 conuiciis
2764 2906 2856 2967 in-

567 3018 857 3078 cesserat.
935 3038 1012 3078 ex
1069 3014 1189 3077 hac
1243 3014 1443 3077 filiam
1500 3015 1655 3077 tulit
1712 3013 2043 3078 Claudiam
2090 2995 2455 3099 Augustam
2514 3013 2855 3094 amisitque

564 3121 907 3184 admodum
955 3120 1284 3184 infantem.
2885 3140 2936 3179 25

708 3348 734 3394 1
777 3342 946 3395 Schol.
979 3343 1106 3394 qu.
1140 3346 1202 3406 8,
1229 3344 1340 3393 213
1388 3357 1421 3393 a
1457 3341 1680 3394 Nerone
1712 3384 1757 3394 ..
1784 3385 1793 3394 .
1824 3343 2005 3392 mater
2052 3341 2237 3393 occisa
2285 3344 2369 3393 est
2416 3344 2473 3394 et
2520 3341 2711 3394 amita.

563 3428 725 3489 Ssqq.
758 3422 912 3489 Epic.
947 3426 995 3486 5,
1018 3426 1051 3474 5
1090 3420 1387 3473 Octauiam
1425 3424 1483 3473 et
1521 3420 1790 3473 Sabinam
1829 3425 2196 3489 cognomento
2226 3421 2548 3490 Poppaeam
2577 3420 2636 3473 in
2664 3420 2853 3474 matri-

561 3502 811 3555 monium
851 3501 1011 3553 duxit
1047 3500 1185 3552 uiris
1226 3517 1416 3553 earum
1455 3501 1768 3554 trucidatis,
1936 3507 1999 3553 22
2042 3501 2212 3554 Schol.
2244 3504 2370 3554 qu.
2397 3506 2450 3567 6,
2472 3506 2578 3554 462
2617 3500 2857 3554 decessit

561 3581 715 3635 calce
754 3598 787 3634 a
824 3581 1044 3633 Nerone
1082 3598 1358 3648 percussa.

704 3810 735 3856 2
776 3803 1019 3856 duritiae
1051 3804 1133 3870 M,
1175 3779 1387 3875 aurici}
1416 3805 1471 3858 P
1505 3806 1602 3871 (sic
1629 3821 1698 3857 m.
1723 3807 1792 3871 1),
1830 3804 1911 3855 -ia
1939 3804 2030 3857 rel.
2063 3804 2152 3870 (ef.
2184 3804 2378 3858 claud.
2403 3806 2490 3871 14)
2629 3810 2658 3855 3
2701 3819 2853 3857 asso·
2958 3864 2961 3867 ,

560 3885 679 3938 lent
731 3884 847 3936 iam
902 3883 1144 3951 grandes
1201 3884 1430 3939 Salmas.
1480 3891 1530 3938 et
1584 3884 1771 3948 Grut„
1828 3884 2036 3936 assolet
2081 3883 2196 3935 iam
2252 3884 2561 3951 grandibus
2620 3886 2852 3939 Oasaub.

560 3971 591 4017 5
629 3967 1043 4033 praeceptoque
1073 3964 1303 4033 Bentley
1476 3970 1506 4016 8
1550 3964 1873 4032 pompeiam
1902 3966 2090 4032 (pope-
2119 3966 2201 4030 Π,
2246 3979 2456 4031 poppe·
2496 3965 2608 4017 cod.
2641 3966 2852 4018 Duuel-

557 4046 774 4112 mensis)
801 4047 869 4109 Ω,
908 4060 1041 4096 corr.
1064 4043 1363 4097 Sabellicus
1392 4045 1478 4111 (ef.
1512 4045 1543 4097 l.
1565 4048 1659 4112 20)
1769 4050 1830 4096 11
1864 4043 2199 4111 abnepotem
2231 4044 2526 4111 MGL1Q6
2632 4047 2854 4112 potere-

557 4128 649 4177 tur
689 4124 853 4193 M1Q,
881 4123 1027 4191 poti·
1060 4122 1155 4175 M²
1191 4130 1241 4176 et
1274 4126 1366 4178 rel.
1534 4130 1599 4189 14
1636 4123 1798 4176 uxori
1829 4126 1912 4187 M,
1952 4124 2138 4177 uxoris
2177 4128 2212 4177 ὃ
2367 4129 2430 4175 19
2470 4124 2713 4178 indicem
2750 4142 2851 4179 om.

557 4207 637 4258 ed.
671 4206 827 4258 Rom.
858 4205 932 4256 II
965 4205 1164 4272 (Torr.)
1381 4204 1617 4272 fingeret
1648 4204 1799 4269 ΜΘ,
1845 4204 2083 4273 fingeret
2128 4206 2185 4257 et
2223 4208 2281 4255 X
2300 4205 2425 4269 fort.
2466 4212 2627 4271 recte,
2673 4223 2770 4258 om.
2811 4207 2858 4256 Τ

557 4285 778 4352 (ηαλμ),
832 4285 1087 4337 lacunam
1132 4285 1327 4337 statuit
1364 4285 1509 4337 Roth
1558 4286 1644 4352 (cf.
1686 4285 1809 4337 Tae.
1841 4301 1972 4336 auu.
2007 4284 2165 4338 XIV
2186 4288 2257 4338 62
2302 4283 2467 4353 fingit
2507 4284 2850 4353 fateturque)

559 4368 627 4414 20
666 4365 1014 4430 stuparatam
1056 4366 1128 4417 M
1133 4363 1151 4393 ¹
1327 4362 1712 4430 fateretur-que
1754 4363 1830 4429 G,
1878 4364 1977 4417 del.
2023 4364 2159 4418 Oud.
2334 4365 2655 4432 pompeiam
2694 4368 2851 4433 (pop-

556 4442 745 4510 peiam
780 4442 842 4510 Q)
874 4446 943 4509 Ω,
976 4459 1111 4495 corr.
1143 4444 1442 4497 Sabellicus
1472 4445 1559 4509 (cf.
1590 4461 1763 4511 supra
1802 4445 1835 4496 l.
1858 4448 1912 4509 8,
1940 4445 2057 4496 sim.
2085 4461 2140 4511 p.
2162 4448 2273 4497 255
2305 4446 2336 4496 l.
2367 4449 2405 4497 2
2434 4451 2481 4497 et
2510 4449 2567 4511 93
2590 4449 2796 4513 12255,
2818 4449 2853 4497 9

555 4522 800 4590 poppeia
836 4525 997 4576 etiam
1026 4525 1098 4592 L)
