3325 5209
606 396 692 461 80
1312 396 1368 452 C.
1409 396 1725 450 SVETONI
1760 395 2205 461 TRANQVILLI

607 563 671 624 et
719 551 955 624 crebra'
983 565 1049 624 et
1094 560 1362 645 grandia
1418 560 1495 623 de
1552 552 1668 624 suo
1726 560 2035 625 offerebat
2079 560 2371 642 nullique
2420 556 2660 622 Graeco
2710 562 2904 622 certa·

608 665 768 731 mini
832 667 1153 744 interfuit,
1229 687 1357 750 quo
1420 659 1554 730 non
1628 687 1746 751 pro
1821 667 2053 731 merito
2129 688 2448 749 quemque
2524 660 2904 730 certantium

605 773 955 838 honorarit.
1042 773 1361 857 spectauit
1415 777 1628 836 autem
1689 774 2156 838 studiosissime
2210 773 2464 857 pugiles
2520 778 2584 837 et
2629 774 2905 837 maxime

606 873 900 964 Latinos,
960 901 1093 944 non
1146 880 1473 963 legitimos
1539 884 1732 963 atque
1797 880 2152 945 ordinarios
2206 881 2428 963 modo,
2489 901 2649 962 quos
2711 879 2905 943 etiam

607 988 1011 1052 'committere
1067 1007 1217 1050 cum
1273 981 1535 1050 Graecis
1587 987 1868 1071 solebat,
1923 986 2033 1050 sed
2089 991 2154 1051 et
2208 987 2596 1050 cateruarios
2642 985 2904 1069 oppida·
2960 1009 2984 1049 5

607 1107 725 1158 nos
785 1095 952 1158 inter
1007 1094 1338 1178 angustias
1394 1094 1687 1157 uicorum
1745 1094 2093 1179 pugnantis
2149 1097 2390 1157 temere
2447 1113 2517 1157 ac
2570 1094 2706 1156 sine
2753 1096 2904 1155 arte.

538 1205 570 1262 3
608 1191 981 1264 uniuersum
1037 1199 1314 1282 denique
1370 1195 1573 1284 genus
1635 1221 1864 1284 operas
1922 1201 2166 1282 aliquas
2220 1199 2480 1285 publico
2540 1200 2904 1283 spectaculo

606 1307 1050 1392 praebentium
1105 1306 1299 1370 etiam
1357 1328 1508 1370 cura
1554 1329 1668 1370 sua
1717 1307 2016 1393 dignatus
2063 1312 2183 1372 est:
2242 1303 2501 1371 athletis
2550 1311 2613 1370 et
2659 1326 2904 1371 conser-

607 1417 788 1479 uauit
846 1413 1189 1499 priuilegia
1247 1416 1313 1476 et
1373 1415 1739 1498 ampliauit,
1798 1408 2184 1499 gladiatores
2247 1416 2383 1479 sine
2438 1414 2743 1477 missione
2804 1412 2905 1475 edi

609 1520 961 1604 prohibuit,
1008 1520 1463 1585 coercitionem
1499 1521 1570 1583 in
1604 1520 1949 1584 histriones
1999 1520 2484 1606 magistratibus
2525 1521 2701 1584 omni
2747 1524 2904 1583 tem·
2933 1541 2986 1582 ιο

607 1649 764 1711 pore
811 1631 874 1690 et
917 1628 1062 1691 loco
1108 1629 1252 1714 lege
1298 1619 1515 1691 uetere
1561 1630 1939 1710 permissam
1978 1627 2217 1691 ademit
2251 1632 2697 1711 praeterquam
2735 1626 2903 1690 ludis

537 1741 570 1795 4
609 1739 673 1799 et
724 1725 967 1799 scaena.
1050 1756 1168 1799 nec
1222 1729 1437 1798 tamen
1493 1755 1567 1798 eo
1624 1736 1839 1799 minus
1897 1738 2007 1798 aut
2060 1736 2456 1817 xysticorum
2524 1734 2904 1798 certationes

609 1845 720 1905 aut
791 1833 1220 1927 gladiatorum
1289 1862 1540 1925 pugnas
1616 1841 2020 1905 seuerissime
2093 1861 2344 1925 semper
2416 1843 2645 1926 exegit.
2755 1862 2906 1904 nam

607 1939 998 2012 histrionum
1045 1949 1373 2013 licentiam
1417 1948 1573 2011 adeo
1614 1949 2031 2032 compescuit,
2076 1952 2149 2011 ut
2187 1946 2689 2032 Stephanionem
2729 1952 2906 2033 toga-

609 2057 875 2140 tarium,
949 2055 1052 2119 cui
1117 2056 1185 2118 in
1249 2054 1560 2139 puerilem
1621 2055 1918 2118 habitum
1985 2057 2480 2120 circumtonsam
2547 2058 2905 2119 matronam
2935 2075 2984 2115 ιε

610 2164 1008 2228 ministrasse
1056 2164 1478 2244 compererat,
1525 2182 1641 2244 per
1686 2162 1857 2224 trina
1902 2161 2153 2224 theatra
2197 2153 2428 2246 uirgis'
2452 2182 2703 2224 caesum
2750 2162 2904 2224 rele-

608 2270 887 2354 gauerit,
946 2267 1164 2352 Hylan
1218 2268 1690 2352 pantomimum
1748 2272 2051 2351 querente
2106 2272 2398 2352 praetore
2454 2270 2522 2330 in
2577 2267 2741 2330 atrio
2799 2267 2905 2330 do-

609 2397 752 2439 mus
799 2397 949 2438 suae
994 2375 1248 2438 nemine
1296 2375 1552 2437 excluso
1601 2375 1875 2458 flagellis
1922 2371 2280 2438 uerberarit
2325 2379 2389 2438 et
2424 2370 2709 2457 Pyladen
2746 2369 2904 2438 urbe

609 2486 801 2564 atque
847 2477 1035 2543 Italia
1081 2481 1529 2562 summouerit,
1579 2480 1754 2562 quod
1802 2483 2255 2564 spectatorem,
2302 2503 2340 2543 a
2387 2502 2512 2563 quo
2562 2479 2906 2545 exibilaba-

608 2594 731 2672 tur,
780 2588 1276 2650 demonstrasset
1322 2586 1528 2672 digito
1577 2586 2124 2670 conspicuumque
2168 2586 2442 2651 fecisset.
2932 2609 2985 2648 πο

503 2687 597 2754 46
787 2691 891 2756 Ad
954 2687 1129 2758 hunc
1190 2694 1455 2757 modum
1518 2694 1677 2757 urbe
1735 2694 2132 2776 urbanisque
2190 2686 2381 2758 rebus
2443 2693 2903 2759 administratis

608 2797 863 2864 Italiam
929 2800 1408 2886 duodetriginta
1466 2792 1867 2864 coloniarum
1934 2823 2200 2866 numero
2267 2802 2679 2866 deductarum
2741 2824 2778 2865 a
2837 2823 2903 2866 se

609 2908 1047 2989 frequentauit
1076 2907 1522 2991 'operibusque
1578 2929 1653 2971 ac
1698 2907 2126 2992 uectigalibus
2181 2908 2456 2993 publicis
2503 2910 2902 2993 plurifariam

609 3016 944 3097 instruxit,
1013 3016 1208 3077 etiam
1255 3015 1392 3078 iure
1454 3036 1527 3078 ac
1583 3015 1955 3099 dignatione
2009 3015 2153 3078 urbi
2225 3016 2500 3099 quodam
2546 3015 2737 3079 modo
2784 3036 2902 3098 pro

610 3125 792 3206 parte
841 3122 1056 3203 aliqua
1102 3121 1482 3204 adaequauit
1528 3123 1897 3208 excogitato
1944 3144 2175 3208 genere
2222 3123 2692 3207 suffragiorum,
2740 3145 2901 3205 quae
2931 3140 2982 3179 2⁵

608 3229 688 3292 de
744 3221 1229 3313 magistratibus
1285 3228 1522 3292 urbicis
1579 3229 1953 3293 decuriones
2012 3229 2283 3293 colonici
2338 3229 2406 3292 in
2461 3250 2576 3292 sua
2633 3229 2903 3311 quisque

600 3327 861 3399 ‘colonia
905 3334 1147 3399 ferrent
1193 3338 1258 3398 et
1306 3336 1422 3399 sub
1472 3335 1573 3398 die
1620 3336 2029 3399 comitiorum
2074 3336 2411 3420 obsignata
2447 3334 2722 3398 Romam
2759 3336 2902 3398 mit-

608 3445 833 3507 terent.
919 3463 992 3504 ac
1037 3441 1269 3505 necubi
1315 3444 1427 3504 aut
1479 3441 1894 3505 honestorum
1948 3441 2247 3506 deficeret
2304 3443 2489 3525 copia
2533 3444 2644 3505 aut
2688 3443 2904 3507 multi-

609 3548 850 3611 tudinis
906 3547 1161 3630 suboles
1171 3598 1190 3631 ,
1254 3552 1614 3632 equestrem
1669 3547 1971 3611 militiam
2026 3550 2303 3632 petentis
2360 3549 2552 3612 etiam
2600 3570 2678 3612 ex
2734 3570 2902 3612 com-

610 3654 1015 3719 mendatione
1068 3654 1328 3739 publica
1383 3657 1690 3738 cuiusque
1747 3654 1971 3738 oppidi
2027 3655 2390 3739 ordinabat,
2447 3658 2513 3717 at
2557 3656 2663 3737 iis,
2712 3656 2823 3738 qui
2869 3677 2902 3717 e
2931 3674 2983 3713 so

754 3889 784 3936 7
824 3884 1007 3952 operis
1040 3886 1115 3937 M
1255 3889 1320 3936 10
1358 3883 1419 3936 in
1456 3884 1608 3936 omni
1636 3885 1697 3935 H
1725 3885 1919 3954 (uwly.)
2066 3890 2129 3936 11
2170 3884 2291 3937 1000
2322 3901 2355 3943 ς
2385 3884 2483 3952 (ed.
2516 3884 2693 3938 Basil.
2720 3887 2901 3951 1533),

608 3964 779 4034 longo
810 3967 861 4016 ,Ω
901 3965 980 4033 (et
1016 3963 1184 4032 longo
1221 3980 1321 4017 om.
1353 3966 1408 4034 δ)
1552 3963 1703 4017 ludis
1741 3967 1799 4017 et
1827 3979 2030 4017 scaena
2059 3963 2383 4032 Stephanus,
2419 3963 2582 4016 ludos
2622 3966 2679 4016 et
2707 3965 2902 4031 sc(a)e-

609 4061 740 4097 nam
770 4047 839 4110 Ω,
878 4043 938 4095 in
977 4043 1140 4096 ludos
1179 4046 1238 4097 et
1266 4059 1337 4097 sc.
1371 4060 1430 4111 ς,
1467 4060 1569 4112 per
1603 4043 1768 4096 ludos
1806 4046 1864 4096 et
1901 4061 1974 4098 sc.
2006 4045 2200 4098 Burm.
2240 4045 2485 4113 (praeter
2511 4060 2618 4112 pro
2654 4046 2902 4112 praeter-

609 4141 780 4192 quam
803 4124 1184 4193 Gothofhedacs)
1331 4130 1395 4176 12
1427 4124 1828 4177 auxisticorum
1850 4125 1926 4178 M
2068 4130 2132 4177 18
2161 4124 2482 4178 uerberauit
2511 4126 2605 4189 M,
2642 4123 2902 4176 uerbera-

610 4204 758 4256 uerit
795 4206 857 4255 H
866 4204 947 4272 Qs
1094 4208 1159 4256 19
1200 4203 1558 4257 exhilabatur
1594 4204 1693 4270 L1,
1740 4204 2047 4258 exilaratur
2085 4207 2160 4270 P,
2212 4204 2632 4258 exhilarabatur
2667 4204 2803 4272 (exi-
2831 4205 2901 4272 Τ)

612 4282 745 4338 L²S
760 4285 809 4335 T
947 4289 1011 4336 21
1063 4283 1136 4335 ad
1182 4283 1330 4338 hunc
1374 4285 1541 4337 modo
1582 4284 1697 4350 M¹,
1749 4284 1935 4338 adhuc
1981 4285 2263 4338 modicum
2303 4285 2355 4339 V
2490 4290 2558 4337 22
2607 4301 2641 4337 a
2686 4300 2746 4337 se
2792 4284 2901 4336 fre-

611 4363 910 4431 quentauit
951 4362 1019 4428 G,
1058 4363 1133 4414 ad
1172 4378 1230 4416 se
1267 4364 1344 4416 fr-
1382 4365 1522 4430 HR,
1562 4381 1620 4418 se
1658 4363 1732 4417 fr-
1767 4367 1840 4419 M
1850 4365 1920 4434 Q,
1957 4364 2403 4433 refrequentauit
2440 4369 2496 4417 X
2502 4364 2517 4383 '
2555 4364 2646 4432 (ab
2686 4379 2744 4418 se
2782 4364 2900 4418 edd.

609 4461 733 4497 cum
754 4459 787 4500 ς
816 4449 866 4495 et
884 4442 1180 4510 Beroaldo)
1310 4450 1378 4496 24
1415 4444 1663 4512 quodam
1691 4445 1859 4498 modo
1888 4446 1989 4500 del.
2010 4446 2245 4513 Lipsius
2263 4446 2333 4498 al.
2463 4451 2530 4499 26
2568 4445 2626 4497 in
2655 4460 2903 4497 suam——

611 4522 892 4576 coloniam
936 4524 984 4573 T
1125 4527 1191 4574 28
1233 4522 1466 4578 deficere
1506 4527 1582 4579 M
1723 4530 1791 4577 30
1832 4527 1891 4577 at
1929 4525 2023 4594 (ad
2054 4525 2128 4594 V)
2168 4526 2268 4579 del.
2309 4527 2542 4580 Casaub.
