<?xml version="1.0" encoding="UTF-8"?>
<!DOCTYPE html PUBLIC "-//W3C//DTD XHTML 1.0 Transitional//EN"
    "http://www.w3.org/TR/xhtml1/DTD/xhtml1-transitional.dtd">
<html xmlns="http://www.w3.org/1999/xhtml" xml:lang="en" lang="en">
 <head>
  <title>
</title>
<meta http-equiv="Content-Type" content="text/html;charset=utf-8" />
  <meta name='ocr-system' content='tesseract 3.04.00' />
  <meta name='ocr-capabilities' content='ocr_page ocr_carea ocr_par ocr_line ocrx_word'/>
</head>
<body>
  <div class='ocr_page' id='page_1' title='image "./csvetonitranqui00unkngoog_0225.png"; bbox 0 0 3325 5209; ppageno 0'>
   <div class='ocr_carea' id='block_1_1' title="bbox 1221 429 2728 493">
    <p class='ocr_par' dir='ltr' id='par_1_1' title="bbox 1221 429 2728 493">
     <span class='ocr_line' id='line_1_1' title="bbox 1221 429 2728 493; baseline 0.008 -12"><span class='ocrx_word' id='word_1_1' title='bbox 1221 429 1552 487; x_wconf 82' lang='lat' dir='ltr'>TlssERIVs</span> <span class='ocrx_word' id='word_1_2' title='bbox 1592 441 1724 489; x_wconf 65' lang='lat' dir='ltr'>[cu.</span> <span class='ocrx_word' id='word_1_3' title='bbox 1753 441 1932 491; x_wconf 75' lang='lat'>49—52]</span> <span class='ocrx_word' id='word_1_4' title='bbox 2603 430 2728 493; x_wconf 82' lang='lat'>147</span> 
     </span>
    </p>
   </div>
   <div class='ocr_carea' id='block_1_2' title="bbox 347 593 2834 3672">
    <p class='ocr_par' dir='ltr' id='par_1_2' title="bbox 347 593 2834 2708">
     <span class='ocr_line' id='line_1_2' title="bbox 428 593 2726 683; baseline -0 -27"><span class='ocrx_word' id='word_1_5' title='bbox 428 593 649 659; x_wconf 88' lang='lat' dir='ltr'>aedem</span> <span class='ocrx_word' id='word_1_6' title='bbox 695 593 931 658; x_wconf 86' lang='lat' dir='ltr'>Vestae</span> <span class='ocrx_word' id='word_1_7' title='bbox 987 596 1052 656; x_wconf 88' lang='lat' dir='ltr'>et</span> <span class='ocrx_word' id='word_1_8' title='bbox 1107 593 1313 677; x_wconf 84' lang='lat' dir='ltr'>ipsam</span> <span class='ocrx_word' id='word_1_9' title='bbox 1369 593 1792 683; x_wconf 84' lang='lat' dir='ltr'>interuenisse</span> <span class='ocrx_word' id='word_1_10' title='bbox 1846 593 2287 678; x_wconf 83' lang='lat' dir='ltr'>populumque</span> <span class='ocrx_word' id='word_1_11' title='bbox 2347 597 2412 658; x_wconf 93' lang='lat' dir='ltr'>et</span> <span class='ocrx_word' id='word_1_12' title='bbox 2466 593 2726 678; x_wconf 78' lang='lat' dir='ltr'>milites,</span> 
     </span>
     <span class='ocr_line' id='line_1_3' title="bbox 427 699 2727 785; baseline -0.001 -20"><span class='ocrx_word' id='word_1_13' title='bbox 427 722 555 783; x_wconf 91' lang='lat' dir='ltr'>quo</span> <span class='ocrx_word' id='word_1_14' title='bbox 603 701 854 765; x_wconf 86' lang='lat' dir='ltr'>enixius</span> <span class='ocrx_word' id='word_1_15' title='bbox 902 721 1089 783; x_wconf 88' lang='lat' dir='ltr'>opem</span> <span class='ocrx_word' id='word_1_16' title='bbox 1126 699 1386 785; x_wconf 82' lang='lat' dir='ltr'>ferrent,</span> <span class='ocrx_word' id='word_1_17' title='bbox 1425 700 1850 785; x_wconf 77' lang='lat' dir='ltr'><strong>adhortatam,</strong></span> <span class='ocrx_word' id='word_1_18' title='bbox 1899 701 2065 764; x_wconf 91' lang='lat' dir='ltr'>sicut</span> <span class='ocrx_word' id='word_1_19' title='bbox 2101 701 2221 764; x_wconf 92' lang='lat' dir='ltr'>sub</span> <span class='ocrx_word' id='word_1_20' title='bbox 2259 701 2495 764; x_wconf 90' lang='lat' dir='ltr'>marito</span> <span class='ocrx_word' id='word_1_21' title='bbox 2534 699 2727 764; x_wconf 86' lang='lat' dir='ltr'>solita</span> 
     </span>
     <span class='ocr_line' id='line_1_4' title="bbox 428 806 2834 892; baseline 0.001 -22"><span class='ocrx_word' id='word_1_22' title='bbox 428 812 608 872; x_wconf 85' lang='lat' dir='ltr'>esset.</span> <span class='ocrx_word' id='word_1_23' title='bbox 694 807 924 871; x_wconf 89' lang='lat' dir='ltr'>dehinc</span> <span class='ocrx_word' id='word_1_24' title='bbox 978 807 1058 872; x_wconf 88' lang='lat' dir='ltr'>ad</span> <span class='ocrx_word' id='word_1_25' title='bbox 1105 807 1501 873; x_wconf 77' lang='lat' dir='ltr'>simultatem</span> <span class='ocrx_word' id='word_1_26' title='bbox 1555 829 1757 891; x_wconf 90' lang='lat' dir='ltr'>usque</span> <span class='ocrx_word' id='word_1_27' title='bbox 1803 808 2118 892; x_wconf 86' lang='lat' dir='ltr'>processit</span> <span class='ocrx_word' id='word_1_28' title='bbox 2162 807 2308 891; x_wconf 83' lang='lat' dir='ltr'>hac,</span> <span class='ocrx_word' id='word_1_29' title='bbox 2364 812 2437 871; x_wconf 89' lang='lat' dir='ltr'>ut</span> <span class='ocrx_word' id='word_1_30' title='bbox 2483 808 2717 891; x_wconf 79' lang='lat' dir='ltr'>ferunt,</span> <span class='ocrx_word' id='word_1_31' title='bbox 2744 806 2834 872; x_wconf 81' lang='lat'>51</span> 
     </span>
     <span class='ocr_line' id='line_1_5' title="bbox 428 913 2719 999; baseline 0 -22"><span class='ocrx_word' id='word_1_32' title='bbox 428 913 504 978; x_wconf 89' lang='lat' dir='ltr'>de</span> <span class='ocrx_word' id='word_1_33' title='bbox 552 936 756 978; x_wconf 89' lang='lat' dir='ltr'>causa.</span> <span class='ocrx_word' id='word_1_34' title='bbox 840 914 1106 978; x_wconf 91' lang='lat' dir='ltr'>instanti</span> <span class='ocrx_word' id='word_1_35' title='bbox 1168 914 1444 999; x_wconf 86' lang='lat' dir='ltr'>saepius,</span> <span class='ocrx_word' id='word_1_36' title='bbox 1502 918 1574 979; x_wconf 93' lang='lat' dir='ltr'>ut</span> <span class='ocrx_word' id='word_1_37' title='bbox 1630 915 1895 979; x_wconf 88' lang='lat' dir='ltr'>ciuitate</span> <span class='ocrx_word' id='word_1_38' title='bbox 1953 915 2258 978; x_wconf 88' lang='lat' dir='ltr'>donatum</span> <span class='ocrx_word' id='word_1_39' title='bbox 2314 915 2384 978; x_wconf 93' lang='lat' dir='ltr'>in</span> <span class='ocrx_word' id='word_1_40' title='bbox 2431 914 2719 978; x_wconf 89' lang='lat' dir='ltr'>decurias</span> 
     </span>
     <span class='ocr_line' id='line_1_6' title="bbox 362 1020 2725 1108; baseline 0.001 -27"><span class='ocrx_word' id='word_1_41' title='bbox 362 1047 398 1086; x_wconf 69' lang='lat'>,5</span> <span class='ocrx_word' id='word_1_42' title='bbox 428 1022 768 1108; x_wconf 76' lang='lat' dir='ltr'>adlegeret,</span> <span class='ocrx_word' id='word_1_43' title='bbox 832 1022 1096 1108; x_wconf 84' lang='lat' dir='ltr'>negauit</span> <span class='ocrx_word' id='word_1_44' title='bbox 1162 1020 1287 1084; x_wconf 87' lang='lat' dir='ltr'>alia</span> <span class='ocrx_word' id='word_1_45' title='bbox 1350 1043 1416 1084; x_wconf 88' lang='lat' dir='ltr'>se</span> <span class='ocrx_word' id='word_1_46' title='bbox 1482 1021 1856 1086; x_wconf 81' lang='lat' dir='ltr'>condicione</span> <span class='ocrx_word' id='word_1_47' title='bbox 1921 1021 2345 1105; x_wconf 72' lang='lat' dir='ltr'>adiecturum,</span> <span class='ocrx_word' id='word_1_48' title='bbox 2411 1042 2604 1103; x_wconf 86' lang='lat' dir='ltr'>quam</span> <span class='ocrx_word' id='word_1_49' title='bbox 2671 1021 2725 1083; x_wconf 91' lang='lat' dir='ltr'>si</span> 
     </span>
     <span class='ocr_line' id='line_1_7' title="bbox 426 1126 2729 1212; baseline -0.001 -21"><span class='ocrx_word' id='word_1_50' title='bbox 426 1132 756 1212; x_wconf 90' lang='lat' dir='ltr'>pateretur</span> <span class='ocrx_word' id='word_1_51' title='bbox 810 1128 1045 1192; x_wconf 77' lang='lat' dir='ltr'>ascribi</span> <span class='ocrx_word' id='word_1_52' title='bbox 1099 1127 1247 1190; x_wconf 89' lang='lat' dir='ltr'>albo</span> <span class='ocrx_word' id='word_1_53' title='bbox 1299 1131 1688 1191; x_wconf 90' lang='lat' dir='ltr'>extortum</span> <span class='ocrx_word' id='word_1_54' title='bbox 1736 1127 1812 1190; x_wconf 93' lang='lat' dir='ltr'>id</span> <span class='ocrx_word' id='word_1_55' title='bbox 1858 1126 2008 1190; x_wconf 91' lang='lat' dir='ltr'>sibi</span> <span class='ocrx_word' id='word_1_56' title='bbox 2057 1149 2094 1188; x_wconf 92' lang='lat' dir='ltr'>a</span> <span class='ocrx_word' id='word_1_57' title='bbox 2151 1130 2411 1189; x_wconf 90' lang='lat' dir='ltr'>matre.</span> <span class='ocrx_word' id='word_1_58' title='bbox 2494 1129 2561 1190; x_wconf 89' lang='lat' dir='ltr'>at</span> <span class='ocrx_word' id='word_1_59' title='bbox 2615 1126 2729 1189; x_wconf 86' lang='lat' dir='ltr'>illa</span> 
     </span>
     <span class='ocr_line' id='line_1_8' title="bbox 427 1232 2726 1340; baseline -0.001 -41"><span class='ocrx_word' id='word_1_60' title='bbox 427 1239 749 1299; x_wconf 89' lang='lat' dir='ltr'>commota</span> <span class='ocrx_word' id='word_1_61' title='bbox 801 1238 1053 1298; x_wconf 90' lang='lat' dir='ltr'>ueteres</span> <span class='ocrx_word' id='word_1_62' title='bbox 1100 1234 1409 1317; x_wconf 90' lang='lat' dir='ltr'>quosdam</span> <span class='ocrx_word' id='word_1_63' title='bbox 1465 1234 1546 1340; x_wconf 79' lang='lat' dir='ltr'>ad</span> <span class='ocrx_word' id='word_1_64' title='bbox 1602 1255 1668 1297; x_wconf 91' lang='lat' dir='ltr'>se</span> <span class='ocrx_word' id='word_1_65' title='bbox 1714 1232 1997 1319; x_wconf 83' lang='lat' dir='ltr'>Augusti</span> <span class='ocrx_word' id='word_1_66' title='bbox 2056 1232 2385 1296; x_wconf 77' lang='lat' dir='ltr'>codicillos</span> <span class='ocrx_word' id='word_1_67' title='bbox 2434 1232 2510 1296; x_wconf 90' lang='lat' dir='ltr'>de</span> <span class='ocrx_word' id='word_1_68' title='bbox 2559 1254 2726 1297; x_wconf 88' lang='lat' dir='ltr'>acer-</span> 
     </span>
     <span class='ocr_line' id='line_1_9' title="bbox 427 1329 2723 1424; baseline -0.001 -19"><span class='ocrx_word' id='word_1_69' title='bbox 427 1342 631 1406; x_wconf 91' lang='lat' dir='ltr'>bitate</span> <span class='ocrx_word' id='word_1_70' title='bbox 688 1346 752 1406; x_wconf 92' lang='lat' dir='ltr'>et</span> <span class='ocrx_word' id='word_1_71' title='bbox 813 1340 1228 1407; x_wconf 87' lang='lat' dir='ltr'>intolerantia</span> <span class='ocrx_word' id='word_1_72' title='bbox 1281 1329 1536 1405; x_wconf 81' lang='lat' dir='ltr'>moruni</span> <span class='ocrx_word' id='word_1_73' title='bbox 1591 1341 1729 1404; x_wconf 92' lang='lat' dir='ltr'>eius</span> <span class='ocrx_word' id='word_1_74' title='bbox 1786 1363 1819 1404; x_wconf 90' lang='lat' dir='ltr'>e</span> <span class='ocrx_word' id='word_1_75' title='bbox 1867 1339 2145 1404; x_wconf 91' lang='lat' dir='ltr'>sacrario</span> <span class='ocrx_word' id='word_1_76' title='bbox 2199 1340 2475 1424; x_wconf 91' lang='lat' dir='ltr'>protulit</span> <span class='ocrx_word' id='word_1_77' title='bbox 2532 1344 2723 1423; x_wconf 85' lang='lat' dir='ltr'>atque</span> 
     </span>
     <span class='ocr_line' id='line_1_10' title="bbox 428 1446 2726 1530; baseline -0 -18"><span class='ocrx_word' id='word_1_78' title='bbox 428 1449 745 1513; x_wconf 89' lang='lat' dir='ltr'>recitauit.</span> <span class='ocrx_word' id='word_1_79' title='bbox 829 1450 948 1513; x_wconf 91' lang='lat' dir='ltr'>hos</span> <span class='ocrx_word' id='word_1_80' title='bbox 995 1453 1059 1512; x_wconf 93' lang='lat' dir='ltr'>et</span> <span class='ocrx_word' id='word_1_81' title='bbox 1106 1447 1461 1512; x_wconf 84' lang='lat' dir='ltr'>custoditos</span> <span class='ocrx_word' id='word_1_82' title='bbox 1518 1452 1650 1511; x_wconf 95' lang='lat' dir='ltr'>tam</span> <span class='ocrx_word' id='word_1_83' title='bbox 1700 1447 1810 1511; x_wconf 91' lang='lat' dir='ltr'>diu</span> <span class='ocrx_word' id='word_1_84' title='bbox 1867 1451 1931 1511; x_wconf 95' lang='lat' dir='ltr'>et</span> <span class='ocrx_word' id='word_1_85' title='bbox 1981 1446 2406 1530; x_wconf 84' lang='lat' dir='ltr'>exprobratos</span> <span class='ocrx_word' id='word_1_86' title='bbox 2451 1451 2585 1510; x_wconf 89' lang='lat' dir='ltr'>tam</span> <span class='ocrx_word' id='word_1_87' title='bbox 2632 1446 2726 1511; x_wconf 92' lang='lat' dir='ltr'>in-</span> 
     </span>
     <span class='ocr_line' id='line_1_11' title="bbox 352 1554 2726 1641; baseline -0.001 -21"><span class='ocrx_word' id='word_1_88' title='bbox 352 1581 403 1620; x_wconf 86' lang='lat'>10</span> <span class='ocrx_word' id='word_1_89' title='bbox 430 1555 591 1619; x_wconf 87' lang='lat' dir='ltr'>feste</span> <span class='ocrx_word' id='word_1_90' title='bbox 648 1556 805 1619; x_wconf 91' lang='lat' dir='ltr'>adeo</span> <span class='ocrx_word' id='word_1_91' title='bbox 862 1555 1149 1641; x_wconf 84' lang='lat' dir='ltr'>grauiter</span> <span class='ocrx_word' id='word_1_92' title='bbox 1194 1555 1372 1640; x_wconf 83' lang='lat' dir='ltr'>tulit,</span> <span class='ocrx_word' id='word_1_93' title='bbox 1429 1558 1502 1618; x_wconf 92' lang='lat' dir='ltr'>ut</span> <span class='ocrx_word' id='word_1_94' title='bbox 1549 1554 1809 1636; x_wconf 88' lang='lat' dir='ltr'>quidam</span> <span class='ocrx_word' id='word_1_95' title='bbox 1866 1559 2095 1639; x_wconf 91' lang='lat' dir='ltr'>putent</span> <span class='ocrx_word' id='word_1_96' title='bbox 2151 1554 2321 1617; x_wconf 93' lang='lat' dir='ltr'>inter</span> <span class='ocrx_word' id='word_1_97' title='bbox 2368 1575 2588 1617; x_wconf 82' lang='lat' dir='ltr'>causas</span> <span class='ocrx_word' id='word_1_98' title='bbox 2635 1575 2726 1617; x_wconf 88' lang='lat' dir='ltr'>se-</span> 
     </span>
     <span class='ocr_line' id='line_1_12' title="bbox 426 1660 2796 1745; baseline -0.001 -20"><span class='ocrx_word' id='word_1_99' title='bbox 426 1683 641 1727; x_wconf 90' lang='lat' dir='ltr'>cessus</span> <span class='ocrx_word' id='word_1_100' title='bbox 687 1663 853 1727; x_wconf 89' lang='lat' dir='ltr'>hanc</span> <span class='ocrx_word' id='word_1_101' title='bbox 898 1663 958 1725; x_wconf 92' lang='lat' dir='ltr'>ei</span> <span class='ocrx_word' id='word_1_102' title='bbox 1012 1662 1119 1725; x_wconf 93' lang='lat' dir='ltr'>uel</span> <span class='ocrx_word' id='word_1_103' title='bbox 1174 1661 1585 1745; x_wconf 86' lang='lat' dir='ltr'>praecipuam</span> <span class='ocrx_word' id='word_1_104' title='bbox 1630 1660 1847 1726; x_wconf 89' lang='lat' dir='ltr'>fuisse.</span> <span class='ocrx_word' id='word_1_105' title='bbox 1929 1665 2069 1725; x_wconf 96' lang='lat' dir='ltr'>toto</span> <span class='ocrx_word' id='word_1_106' title='bbox 2119 1661 2380 1744; x_wconf 91' lang='lat' dir='ltr'>quidem</span> <span class='ocrx_word' id='word_1_107' title='bbox 2426 1660 2726 1745; x_wconf 81' lang='lat' dir='ltr'>triennio,</span> <span class='ocrx_word' id='word_1_108' title='bbox 2765 1677 2796 1724; x_wconf 80' lang='lat'>2</span> 
     </span>
     <span class='ocr_line' id='line_1_13' title="bbox 428 1767 2725 1853; baseline -0.001 -20"><span class='ocrx_word' id='word_1_109' title='bbox 428 1792 557 1852; x_wconf 93' lang='lat' dir='ltr'>quo</span> <span class='ocrx_word' id='word_1_110' title='bbox 622 1770 885 1833; x_wconf 89' lang='lat' dir='ltr'>uiuente</span> <span class='ocrx_word' id='word_1_111' title='bbox 949 1773 1152 1832; x_wconf 87' lang='lat' dir='ltr'>matre</span> <span class='ocrx_word' id='word_1_112' title='bbox 1217 1769 1406 1853; x_wconf 79' lang='lat' dir='ltr'>afuit,</span> <span class='ocrx_word' id='word_1_113' title='bbox 1473 1767 1669 1832; x_wconf 89' lang='lat' dir='ltr'>semel</span> <span class='ocrx_word' id='word_1_114' title='bbox 1735 1769 1996 1832; x_wconf 89' lang='lat' dir='ltr'>omnino</span> <span class='ocrx_word' id='word_1_115' title='bbox 2063 1791 2204 1831; x_wconf 91' lang='lat' dir='ltr'>eam</span> <span class='ocrx_word' id='word_1_116' title='bbox 2267 1790 2385 1832; x_wconf 90' lang='lat' dir='ltr'>nec</span> <span class='ocrx_word' id='word_1_117' title='bbox 2448 1768 2725 1852; x_wconf 90' lang='lat' dir='ltr'>amplius</span> 
     </span>
     <span class='ocr_line' id='line_1_14' title="bbox 428 1875 2723 1961; baseline -0.001 -21"><span class='ocrx_word' id='word_1_118' title='bbox 428 1899 622 1959; x_wconf 92' lang='lat' dir='ltr'>quam</span> <span class='ocrx_word' id='word_1_119' title='bbox 667 1898 799 1940; x_wconf 90' lang='lat' dir='ltr'>uno</span> <span class='ocrx_word' id='word_1_120' title='bbox 848 1875 949 1939; x_wconf 91' lang='lat' dir='ltr'>die</span> <span class='ocrx_word' id='word_1_121' title='bbox 994 1875 1397 1960; x_wconf 89' lang='lat' dir='ltr'>paucissimis</span> <span class='ocrx_word' id='word_1_122' title='bbox 1442 1875 1609 1938; x_wconf 87' lang='lat' dir='ltr'>uidit</span> <span class='ocrx_word' id='word_1_123' title='bbox 1653 1875 1860 1961; x_wconf 82' lang='lat' dir='ltr'>horis3</span> <span class='ocrx_word' id='word_1_124' title='bbox 1916 1897 1989 1939; x_wconf 86' lang='lat' dir='ltr'>ac</span> <span class='ocrx_word' id='word_1_125' title='bbox 2036 1897 2187 1939; x_wconf 94' lang='lat' dir='ltr'>mox</span> <span class='ocrx_word' id='word_1_126' title='bbox 2242 1897 2448 1958; x_wconf 88' lang='lat' dir='ltr'>neque</span> <span class='ocrx_word' id='word_1_127' title='bbox 2496 1897 2723 1961; x_wconf 82' lang='lat' dir='ltr'>aegrae</span> 
     </span>
     <span class='ocr_line' id='line_1_15' title="bbox 429 1982 2724 2066; baseline -0 -20"><span class='ocrx_word' id='word_1_128' title='bbox 429 1984 647 2048; x_wconf 90' lang='lat' dir='ltr'>adesse</span> <span class='ocrx_word' id='word_1_129' title='bbox 705 1983 956 2047; x_wconf 89' lang='lat' dir='ltr'>curauit</span> <span class='ocrx_word' id='word_1_130' title='bbox 1014 1982 1507 2065; x_wconf 82' lang='lat' dir='ltr'>defunctamque</span> <span class='ocrx_word' id='word_1_131' title='bbox 1563 1986 1644 2066; x_wconf 80' lang='lat' dir='ltr'>et,</span> <span class='ocrx_word' id='word_1_132' title='bbox 1704 1982 1855 2046; x_wconf 93' lang='lat' dir='ltr'>dum</span> <span class='ocrx_word' id='word_1_133' title='bbox 1903 1982 2216 2047; x_wconf 88' lang='lat' dir='ltr'>aduentus</span> <span class='ocrx_word' id='word_1_134' title='bbox 2262 1982 2361 2045; x_wconf 91' lang='lat' dir='ltr'>sui</span> <span class='ocrx_word' id='word_1_135' title='bbox 2410 2004 2587 2066; x_wconf 89' lang='lat' dir='ltr'>spem</span> <span class='ocrx_word' id='word_1_136' title='bbox 2635 1983 2724 2045; x_wconf 90' lang='lat' dir='ltr'>fa-</span> 
     </span>
     <span class='ocr_line' id='line_1_16' title="bbox 350 2089 2724 2175; baseline 0 -23"><span class='ocrx_word' id='word_1_137' title='bbox 350 2113 401 2152; x_wconf 83' lang='lat'>15</span> <span class='ocrx_word' id='word_1_138' title='bbox 433 2090 539 2175; x_wconf 83' lang='lat' dir='ltr'>cit,</span> <span class='ocrx_word' id='word_1_139' title='bbox 588 2090 1018 2174; x_wconf 89' lang='lat' dir='ltr'>complurium</span> <span class='ocrx_word' id='word_1_140' title='bbox 1066 2089 1312 2153; x_wconf 90' lang='lat' dir='ltr'>dierum</span> <span class='ocrx_word' id='word_1_141' title='bbox 1361 2111 1542 2153; x_wconf 88' lang='lat' dir='ltr'>mora</span> <span class='ocrx_word' id='word_1_142' title='bbox 1579 2094 1882 2173; x_wconf 87' lang='lat' dir='ltr'>corrupto</span> <span class='ocrx_word' id='word_1_143' title='bbox 1933 2089 2189 2152; x_wconf 92' lang='lat' dir='ltr'>demum</span> <span class='ocrx_word' id='word_1_144' title='bbox 2228 2094 2291 2153; x_wconf 86' lang='lat' dir='ltr'>et</span> <span class='ocrx_word' id='word_1_145' title='bbox 2326 2089 2550 2152; x_wconf 89' lang='lat' dir='ltr'>tabido</span> <span class='ocrx_word' id='word_1_146' title='bbox 2589 2111 2724 2153; x_wconf 92' lang='lat' dir='ltr'>cor-</span> 
     </span>
     <span class='ocr_line' id='line_1_17' title="bbox 425 2195 2723 2281; baseline -0.001 -20"><span class='ocrx_word' id='word_1_147' title='bbox 425 2219 582 2281; x_wconf 87' lang='lat' dir='ltr'>pore</span> <span class='ocrx_word' id='word_1_148' title='bbox 629 2197 990 2261; x_wconf 85' lang='lat' dir='ltr'>funeratam</span> <span class='ocrx_word' id='word_1_149' title='bbox 1034 2195 1373 2280; x_wconf 87' lang='lat' dir='ltr'>prohibuit</span> <span class='ocrx_word' id='word_1_150' title='bbox 1419 2196 1793 2281; x_wconf 80' lang='lat' dir='ltr'>consecrari,</span> <span class='ocrx_word' id='word_1_151' title='bbox 1841 2196 2024 2280; x_wconf 90' lang='lat' dir='ltr'>quasi</span> <span class='ocrx_word' id='word_1_152' title='bbox 2062 2196 2128 2259; x_wconf 92' lang='lat' dir='ltr'>id</span> <span class='ocrx_word' id='word_1_153' title='bbox 2166 2196 2306 2279; x_wconf 88' lang='lat' dir='ltr'>ipsa</span> <span class='ocrx_word' id='word_1_154' title='bbox 2343 2196 2723 2260; x_wconf 88' lang='lat' dir='ltr'>mandasset.</span> 
     </span>
     <span class='ocr_line' id='line_1_18' title="bbox 425 2303 2723 2388; baseline -0 -21"><span class='ocrx_word' id='word_1_155' title='bbox 425 2308 882 2386; x_wconf 87' lang='lat' dir='ltr'>testamentum</span> <span class='ocrx_word' id='word_1_156' title='bbox 939 2326 1194 2387; x_wconf 91' lang='lat' dir='ltr'>quoque</span> <span class='ocrx_word' id='word_1_157' title='bbox 1251 2303 1387 2367; x_wconf 90' lang='lat' dir='ltr'>eius</span> <span class='ocrx_word' id='word_1_158' title='bbox 1443 2326 1561 2388; x_wconf 89' lang='lat' dir='ltr'>pro</span> <span class='ocrx_word' id='word_1_159' title='bbox 1628 2304 1815 2367; x_wconf 91' lang='lat' dir='ltr'>irrito</span> <span class='ocrx_word' id='word_1_160' title='bbox 1876 2303 2106 2367; x_wconf 86' lang='lat' dir='ltr'>habuit</span> <span class='ocrx_word' id='word_1_161' title='bbox 2171 2303 2504 2386; x_wconf 90' lang='lat' dir='ltr'>omnisque</span> <span class='ocrx_word' id='word_1_162' title='bbox 2569 2304 2723 2366; x_wconf 89' lang='lat' dir='ltr'>ami-</span> 
     </span>
     <span class='ocr_line' id='line_1_19' title="bbox 426 2410 2720 2496; baseline -0 -21"><span class='ocrx_word' id='word_1_163' title='bbox 426 2410 610 2475; x_wconf 90' lang='lat' dir='ltr'>citias</span> <span class='ocrx_word' id='word_1_164' title='bbox 675 2415 739 2475; x_wconf 92' lang='lat' dir='ltr'>et</span> <span class='ocrx_word' id='word_1_165' title='bbox 802 2410 1299 2496; x_wconf 81' lang='lat' dir='ltr'>familiaritateS‚</span> <span class='ocrx_word' id='word_1_166' title='bbox 1365 2412 1556 2474; x_wconf 90' lang='lat' dir='ltr'>etiam</span> <span class='ocrx_word' id='word_1_167' title='bbox 1614 2410 1850 2495; x_wconf 88' lang='lat' dir='ltr'>quibus</span> <span class='ocrx_word' id='word_1_168' title='bbox 1916 2433 1990 2475; x_wconf 89' lang='lat' dir='ltr'>ea</span> <span class='ocrx_word' id='word_1_169' title='bbox 2044 2410 2289 2474; x_wconf 82' lang='lat' dir='ltr'>funeris</span> <span class='ocrx_word' id='word_1_170' title='bbox 2346 2410 2445 2474; x_wconf 92' lang='lat' dir='ltr'>sui</span> <span class='ocrx_word' id='word_1_171' title='bbox 2503 2432 2720 2474; x_wconf 87' lang='lat' dir='ltr'>curam</span> 
     </span>
     <span class='ocr_line' id='line_1_20' title="bbox 426 2517 2721 2602; baseline 0 -21"><span class='ocrx_word' id='word_1_172' title='bbox 426 2518 706 2582; x_wconf 92' lang='lat' dir='ltr'>moriens</span> <span class='ocrx_word' id='word_1_173' title='bbox 755 2518 1266 2601; x_wconf 87' lang='lat' dir='ltr'>demandauerat,</span> <span class='ocrx_word' id='word_1_174' title='bbox 1313 2517 1718 2582; x_wconf 89' lang='lat' dir='ltr'>intra-breue</span> <span class='ocrx_word' id='word_1_175' title='bbox 1755 2522 2009 2602; x_wconf 93' lang='lat' dir='ltr'>tempus</span> <span class='ocrx_word' id='word_1_176' title='bbox 2048 2517 2299 2601; x_wconf 86' lang='lat' dir='ltr'>afflixit,</span> <span class='ocrx_word' id='word_1_177' title='bbox 2337 2540 2468 2586; x_wconf 84' lang='lat' dir='ltr'>uno</span> <span class='ocrx_word' id='word_1_178' title='bbox 2507 2539 2583 2581; x_wconf 90' lang='lat' dir='ltr'>ex</span> <span class='ocrx_word' id='word_1_179' title='bbox 2623 2517 2721 2596; x_wconf 89' lang='lat' dir='ltr'>iis,</span> 
     </span>
     <span class='ocr_line' id='line_1_21' title="bbox 347 2625 2264 2708; baseline 0 -21"><span class='ocrx_word' id='word_1_180' title='bbox 347 2648 400 2687; x_wconf 75' lang='lat'>20</span> <span class='ocrx_word' id='word_1_181' title='bbox 429 2626 744 2708; x_wconf 90' lang='lat' dir='ltr'>equestris</span> <span class='ocrx_word' id='word_1_182' title='bbox 791 2626 1033 2690; x_wconf 89' lang='lat' dir='ltr'>ordinis</span> <span class='ocrx_word' id='word_1_183' title='bbox 1078 2627 1242 2707; x_wconf 87' lang='lat' dir='ltr'>uiro,</span> <span class='ocrx_word' id='word_1_184' title='bbox 1289 2630 1353 2689; x_wconf 86' lang='lat' dir='ltr'>et</span> <span class='ocrx_word' id='word_1_185' title='bbox 1400 2625 1467 2688; x_wconf 92' lang='lat' dir='ltr'>in</span> <span class='ocrx_word' id='word_1_186' title='bbox 1512 2626 1776 2689; x_wconf 90' lang='lat' dir='ltr'>antliam</span> <span class='ocrx_word' id='word_1_187' title='bbox 1827 2625 2264 2689; x_wconf 76' lang='lat' dir='ltr'>condemnato,</span> 
     </span>
    </p>

    <p class='ocr_par' dir='ltr' id='par_1_3' title="bbox 426 2727 2828 3137">
     <span class='ocr_line' id='line_1_22' title="bbox 604 2727 2828 2816; baseline -0.002 -21"><span class='ocrx_word' id='word_1_188' title='bbox 604 2731 920 2796; x_wconf 83' lang='lat' dir='ltr'>Filiorum</span> <span class='ocrx_word' id='word_1_189' title='bbox 957 2755 1165 2815; x_wconf 92' lang='lat' dir='ltr'>neque</span> <span class='ocrx_word' id='word_1_190' title='bbox 1203 2731 1561 2796; x_wconf 89' lang='lat' dir='ltr'>naturalem</span> <span class='ocrx_word' id='word_1_191' title='bbox 1592 2731 1875 2796; x_wconf 88' lang='lat' dir='ltr'>Drusum</span> <span class='ocrx_word' id='word_1_192' title='bbox 1916 2754 2122 2815; x_wconf 90' lang='lat' dir='ltr'>neque</span> <span class='ocrx_word' id='word_1_193' title='bbox 2160 2732 2538 2816; x_wconf 90' lang='lat' dir='ltr'>adoptiuum</span> <span class='ocrx_word' id='word_1_194' title='bbox 2570 2729 2721 2796; x_wconf 77' lang='lat' dir='ltr'>Ger·</span> <span class='ocrx_word' id='word_1_195' title='bbox 2739 2727 2828 2791; x_wconf 75' lang='lat'>52</span> 
     </span>
     <span class='ocr_line' id='line_1_23' title="bbox 428 2839 2720 2924; baseline 0 -22"><span class='ocrx_word' id='word_1_196' title='bbox 428 2840 749 2903; x_wconf 88' lang='lat' dir='ltr'>manicum</span> <span class='ocrx_word' id='word_1_197' title='bbox 797 2839 1006 2923; x_wconf 88' lang='lat' dir='ltr'>patria</span> <span class='ocrx_word' id='word_1_198' title='bbox 1053 2840 1317 2904; x_wconf 88' lang='lat' dir='ltr'>caritate</span> <span class='ocrx_word' id='word_1_199' title='bbox 1365 2839 1608 2924; x_wconf 82' lang='lat' dir='ltr'>dilexit,</span> <span class='ocrx_word' id='word_1_200' title='bbox 1655 2840 1920 2904; x_wconf 88' lang='lat' dir='ltr'>alterius</span> <span class='ocrx_word' id='word_1_201' title='bbox 1964 2839 2144 2903; x_wconf 86' lang='lat' dir='ltr'>uitiis</span> <span class='ocrx_word' id='word_1_202' title='bbox 2183 2839 2490 2903; x_wconf 88' lang='lat' dir='ltr'>infensus.</span> <span class='ocrx_word' id='word_1_203' title='bbox 2570 2861 2720 2903; x_wconf 88' lang='lat' dir='ltr'>nam</span> 
     </span>
     <span class='ocr_line' id='line_1_24' title="bbox 426 2946 2718 3035; baseline 0 -26"><span class='ocrx_word' id='word_1_204' title='bbox 426 2946 677 3012; x_wconf 88' lang='lat' dir='ltr'>Drusus</span> <span class='ocrx_word' id='word_1_205' title='bbox 723 2946 1015 3011; x_wconf 87' lang='lat' dir='ltr'>fluxioris</span> <span class='ocrx_word' id='word_1_206' title='bbox 1063 2947 1571 3030; x_wconf 89' lang='lat' dir='ltr'>remissiorisque</span> <span class='ocrx_word' id='word_1_207' title='bbox 1617 2948 1791 3010; x_wconf 91' lang='lat' dir='ltr'>uitae</span> <span class='ocrx_word' id='word_1_208' title='bbox 1838 2951 1990 3035; x_wconf 84' lang='lat' dir='ltr'>erat.</span> <span class='ocrx_word' id='word_1_209' title='bbox 2074 2947 2290 3029; x_wconf 88' lang='lat' dir='ltr'>itaque</span> <span class='ocrx_word' id='word_1_210' title='bbox 2322 2968 2416 3013; x_wconf 82' lang='lat' dir='ltr'>ne</span> <span class='ocrx_word' id='word_1_211' title='bbox 2463 2950 2718 3010; x_wconf 90' lang='lat' dir='ltr'>mortuo</span> 
     </span>
     <span class='ocr_line' id='line_1_25' title="bbox 427 3052 2719 3137; baseline -0 -20"><span class='ocrx_word' id='word_1_212' title='bbox 427 3054 682 3137; x_wconf 86' lang='lat' dir='ltr'>quidem</span> <span class='ocrx_word' id='word_1_213' title='bbox 732 3052 997 3137; x_wconf 89' lang='lat' dir='ltr'>perinde</span> <span class='ocrx_word' id='word_1_214' title='bbox 1044 3053 1330 3118; x_wconf 87' lang='lat' dir='ltr'>adfectus</span> <span class='ocrx_word' id='word_1_215' title='bbox 1378 3059 1492 3136; x_wconf 86' lang='lat' dir='ltr'>est,</span> <span class='ocrx_word' id='word_1_216' title='bbox 1540 3054 1649 3117; x_wconf 89' lang='lat' dir='ltr'>sed</span> <span class='ocrx_word' id='word_1_217' title='bbox 1696 3058 1948 3119; x_wconf 86' lang='lat' dir='ltr'>tantum</span> <span class='ocrx_word' id='word_1_218' title='bbox 1995 3075 2125 3116; x_wconf 92' lang='lat' dir='ltr'>non</span> <span class='ocrx_word' id='word_1_219' title='bbox 2164 3054 2382 3117; x_wconf 85' lang='lat' dir='ltr'>statim</span> <span class='ocrx_word' id='word_1_220' title='bbox 2422 3075 2459 3116; x_wconf 89' lang='lat' dir='ltr'>a</span> <span class='ocrx_word' id='word_1_221' title='bbox 2494 3052 2719 3117; x_wconf 83' lang='lat' dir='ltr'>funere</span> 
     </span>
    </p>

    <p class='ocr_par' dir='ltr' id='par_1_4' title="bbox 347 3160 2787 3672">
     <span class='ocr_line' id='line_1_26' title="bbox 347 3160 2717 3246; baseline 0.002 -26"><span class='ocrx_word' id='word_1_222' title='bbox 347 3181 397 3221; x_wconf 78' lang='lat'>25</span> <span class='ocrx_word' id='word_1_223' title='bbox 427 3162 506 3224; x_wconf 89' lang='lat' dir='ltr'>ad</span> <span class='ocrx_word' id='word_1_224' title='bbox 543 3160 953 3246; x_wconf 70' lang='lat' dir='ltr'>negotiorum</span> <span class='ocrx_word' id='word_1_225' title='bbox 992 3160 1518 3225; x_wconf 87' lang='lat' dir='ltr'>consuetudinem</span> <span class='ocrx_word' id='word_1_226' title='bbox 1557 3161 1751 3224; x_wconf 90' lang='lat' dir='ltr'>rediit</span> <span class='ocrx_word' id='word_1_227' title='bbox 1787 3160 2035 3225; x_wconf 89' lang='lat' dir='ltr'>iustitio</span> <span class='ocrx_word' id='word_1_228' title='bbox 2081 3160 2376 3246; x_wconf 89' lang='lat' dir='ltr'>longiore</span> <span class='ocrx_word' id='word_1_229' title='bbox 2419 3160 2717 3224; x_wconf 77' lang='lat' dir='ltr'>inhibito.</span> 
     </span>
     <span class='ocr_line' id='line_1_27' title="bbox 427 3265 2787 3365; baseline -0.003 -34"><span class='ocrx_word' id='word_1_230' title='bbox 427 3268 582 3351; x_wconf 93' lang='lat' dir='ltr'>quin</span> <span class='ocrx_word' id='word_1_231' title='bbox 629 3273 693 3331; x_wconf 94' lang='lat' dir='ltr'>et</span> <span class='ocrx_word' id='word_1_232' title='bbox 728 3265 1061 3330; x_wconf 90' lang='lat' dir='ltr'>Iliensium</span> <span class='ocrx_word' id='word_1_233' title='bbox 1098 3266 1328 3352; x_wconf 89' lang='lat' dir='ltr'>legatis</span> <span class='ocrx_word' id='word_1_234' title='bbox 1366 3266 1557 3364; x_wconf 85' lang='lat' dir='ltr'>paulo</span> <span class='ocrx_word' id='word_1_235' title='bbox 1597 3267 1799 3330; x_wconf 89' lang='lat' dir='ltr'>serius</span> <span class='ocrx_word' id='word_1_236' title='bbox 1839 3266 2338 3365; x_wconf 76' lang='lat' dir='ltr'>consolantibuS,</span> <span class='ocrx_word' id='word_1_237' title='bbox 2385 3267 2571 3350; x_wconf 90' lang='lat' dir='ltr'>quasi</span> <span class='ocrx_word' id='word_1_238' title='bbox 2607 3267 2717 3330; x_wconf 92' lang='lat' dir='ltr'>ob-</span> <span class='ocrx_word' id='word_1_239' title='bbox 2755 3277 2787 3325; x_wconf 80' lang='lat'><strong>2</strong></span> 
     </span>
     <span class='ocr_line' id='line_1_28' title="bbox 422 3373 2718 3458; baseline -0.001 -20"><span class='ocrx_word' id='word_1_240' title='bbox 422 3375 680 3438; x_wconf 89' lang='lat' dir='ltr'>literata</span> <span class='ocrx_word' id='word_1_241' title='bbox 726 3375 853 3438; x_wconf 89' lang='lat' dir='ltr'>iam</span> <span class='ocrx_word' id='word_1_242' title='bbox 902 3374 1143 3438; x_wconf 89' lang='lat' dir='ltr'>doloris</span> <span class='ocrx_word' id='word_1_243' title='bbox 1189 3374 1523 3457; x_wconf 82' lang='lat' dir='ltr'>memoria,</span> <span class='ocrx_word' id='word_1_244' title='bbox 1578 3373 1851 3438; x_wconf 87' lang='lat' dir='ltr'>irridens</span> <span class='ocrx_word' id='word_1_245' title='bbox 1909 3395 1983 3437; x_wconf 90' lang='lat' dir='ltr'>se</span> <span class='ocrx_word' id='word_1_246' title='bbox 2040 3394 2340 3456; x_wconf 93' lang='lat' dir='ltr'>quoque</span> <span class='ocrx_word' id='word_1_247' title='bbox 2387 3374 2718 3458; x_wconf 88' lang='lat' dir='ltr'>respondit</span> 
     </span>
     <span class='ocr_line' id='line_1_29' title="bbox 423 3479 2717 3573; baseline 0 -28"><span class='ocrx_word' id='word_1_248' title='bbox 423 3481 668 3545; x_wconf 88' lang='lat' dir='ltr'>uicem</span> <span class='ocrx_word' id='word_1_249' title='bbox 732 3502 986 3544; x_wconf 92' lang='lat' dir='ltr'>eorum</span> <span class='ocrx_word' id='word_1_250' title='bbox 1054 3480 1339 3564; x_wconf 82' lang='lat' dir='ltr'>dolere,</span> <span class='ocrx_word' id='word_1_251' title='bbox 1405 3481 1601 3563; x_wconf 90' lang='lat' dir='ltr'>quod</span> <span class='ocrx_word' id='word_1_252' title='bbox 1669 3481 2058 3573; x_wconf 87' lang='lat' dir='ltr'>egregium</span> <span class='ocrx_word' id='word_1_253' title='bbox 2133 3481 2373 3543; x_wconf 88' lang='lat' dir='ltr'>ciuem</span> <span class='ocrx_word' id='word_1_254' title='bbox 2438 3479 2717 3546; x_wconf 91' lang='lat' dir='ltr'>Hecto-</span> 
     </span>
     <span class='ocr_line' id='line_1_30' title="bbox 422 3569 2717 3672; baseline -0 -20"><span class='ocrx_word' id='word_1_255' title='bbox 422 3611 574 3652; x_wconf 89' lang='lat' dir='ltr'>rem</span> <span class='ocrx_word' id='word_1_256' title='bbox 621 3569 1063 3658; x_wconf 86' lang='lat' dir='ltr'>amisissent.</span> <span class='ocrx_word' id='word_1_257' title='bbox 1158 3586 1536 3651; x_wconf 80' lang='lat' dir='ltr'>Germanico</span> <span class='ocrx_word' id='word_1_258' title='bbox 1592 3608 1795 3669; x_wconf 88' lang='lat' dir='ltr'>usque</span> <span class='ocrx_word' id='word_1_259' title='bbox 1841 3587 1999 3651; x_wconf 91' lang='lat' dir='ltr'>adeo</span> <span class='ocrx_word' id='word_1_260' title='bbox 2048 3586 2459 3672; x_wconf 81' lang='lat' dir='ltr'>obtrectauit,</span> <span class='ocrx_word' id='word_1_261' title='bbox 2497 3592 2589 3662; x_wconf 62' lang='lat' dir='ltr'>‚ut</span> <span class='ocrx_word' id='word_1_262' title='bbox 2653 3592 2717 3651; x_wconf 92' lang='lat' dir='ltr'>et</span> 
     </span>
    </p>
   </div>
   <div class='ocr_carea' id='block_1_3' title="bbox 423 3723 849 3731">
    <p class='ocr_par' dir='ltr' id='par_1_5' title="bbox 423 3723 849 3731">
     <span class='ocr_line' id='line_1_31' title="bbox 423 3723 849 3731; baseline 0 1478"><span class='ocrx_word' id='word_1_263' title='bbox 423 3723 849 3731; x_wconf 95' lang='lat' dir='ltr'> </span> 
     </span>
    </p>
   </div>
   <div class='ocr_carea' id='block_1_4' title="bbox 566 3788 2714 3867">
    <p class='ocr_par' dir='ltr' id='par_1_6' title="bbox 566 3788 2714 3867">
     <span class='ocr_line' id='line_1_32' title="bbox 566 3788 2714 3867; baseline 0.001 -18"><span class='ocrx_word' id='word_1_264' title='bbox 566 3804 630 3850; x_wconf 85' lang='lat'>21</span> <span class='ocrx_word' id='word_1_265' title='bbox 676 3798 825 3853; x_wconf 84' lang='lat' dir='ltr'>Oros.</span> <span class='ocrx_word' id='word_1_266' title='bbox 859 3788 979 3852; x_wconf 86' lang='lat' dir='ltr'>VII</span> <span class='ocrx_word' id='word_1_267' title='bbox 998 3803 1050 3865; x_wconf 85' lang='lat'>4,</span> <span class='ocrx_word' id='word_1_268' title='bbox 1071 3802 1108 3852; x_wconf 88' lang='lat'><em>9</em></span> <span class='ocrx_word' id='word_1_269' title='bbox 1144 3798 1289 3852; x_wconf 89' lang='lat' dir='ltr'>filios</span> <span class='ocrx_word' id='word_1_270' title='bbox 1328 3815 1455 3851; x_wconf 87' lang='lat' dir='ltr'>suos</span> <span class='ocrx_word' id='word_1_271' title='bbox 1494 3798 1738 3851; x_wconf 86' lang='lat' dir='ltr'>Drusum</span> <span class='ocrx_word' id='word_1_272' title='bbox 1774 3800 1832 3852; x_wconf 91' lang='lat' dir='ltr'>et</span> <span class='ocrx_word' id='word_1_273' title='bbox 1860 3796 2269 3865; x_wconf 77' lang='lat' dir='ltr'>Germanicum,</span> <span class='ocrx_word' id='word_1_274' title='bbox 2308 3815 2545 3867; x_wconf 87' lang='lat' dir='ltr'>quorum</span> <span class='ocrx_word' id='word_1_275' title='bbox 2573 3798 2714 3852; x_wconf 87' lang='lat' dir='ltr'>Dru·</span> 
     </span>
    </p>
   </div>
   <div class='ocr_carea' id='block_1_5' title="bbox 422 3876 2714 4031">
    <p class='ocr_par' dir='ltr' id='par_1_7' title="bbox 422 3876 2714 4031">
     <span class='ocr_line' id='line_1_33' title="bbox 425 3876 2714 3948; baseline 0.001 -20"><span class='ocrx_word' id='word_1_276' title='bbox 425 3893 516 3929; x_wconf 85' lang='lat' dir='ltr'>sus</span> <span class='ocrx_word' id='word_1_277' title='bbox 556 3876 846 3946; x_wconf 83' lang='lat' dir='ltr'>naturalis,</span> <span class='ocrx_word' id='word_1_278' title='bbox 885 3878 1247 3932; x_wconf 85' lang='lat' dir='ltr'>Germanicus</span> <span class='ocrx_word' id='word_1_279' title='bbox 1287 3877 1589 3946; x_wconf 89' lang='lat' dir='ltr'>adoptiuus</span> <span class='ocrx_word' id='word_1_280' title='bbox 1627 3880 1766 3944; x_wconf 88' lang='lat' dir='ltr'>erat,</span> <span class='ocrx_word' id='word_1_281' title='bbox 1798 3877 2114 3931; x_wconf 84' lang='lat' dir='ltr'>manifestis</span> <span class='ocrx_word' id='word_1_282' title='bbox 2150 3878 2355 3933; x_wconf 85' lang='lat' dir='ltr'>ueneni</span> <span class='ocrx_word' id='word_1_283' title='bbox 2384 3878 2561 3948; x_wconf 86' lang='lat' dir='ltr'>signis</span> <span class='ocrx_word' id='word_1_284' title='bbox 2590 3896 2714 3946; x_wconf 90' lang='lat' dir='ltr'>per-</span> 
     </span>
     <span class='ocr_line' id='line_1_34' title="bbox 422 3956 1289 4031; baseline 0.003 -23"><span class='ocrx_word' id='word_1_285' title='bbox 422 3956 570 4009; x_wconf 83' lang='lat' dir='ltr'>didit</span> <span class='ocrx_word' id='word_1_286' title='bbox 608 3958 697 4031; x_wconf 71' lang='lat' dir='ltr'>(ef.</span> <span class='ocrx_word' id='word_1_287' title='bbox 728 3974 786 4025; x_wconf 76' lang='lat' dir='ltr'>p.</span> <span class='ocrx_word' id='word_1_288' title='bbox 811 3961 937 4023; x_wconf 82' lang='lat'><strong><em>162,</em></strong></span> <span class='ocrx_word' id='word_1_289' title='bbox 960 3962 1029 4011; x_wconf 89' lang='lat'>13</span> <span class='ocrx_word' id='word_1_290' title='bbox 1070 3962 1191 4023; x_wconf 75' lang='lat'><em>154,</em></span> <span class='ocrx_word' id='word_1_291' title='bbox 1214 3961 1289 4027; x_wconf 80' lang='lat' dir='ltr'>s).</span> 
     </span>
    </p>
   </div>
   <div class='ocr_carea' id='block_1_6' title="bbox 420 4089 621 4096">
    <p class='ocr_par' dir='ltr' id='par_1_8' title="bbox 420 4089 621 4096">
     <span class='ocr_line' id='line_1_35' title="bbox 420 4089 621 4096; baseline -0.005 0"><span class='ocrx_word' id='word_1_292' title='bbox 420 4089 621 4096; x_wconf 34' lang='lat' dir='ltr'>—w——j</span> 
     </span>
    </p>
   </div>
   <div class='ocr_carea' id='block_1_7' title="bbox 418 4163 2718 4636">
    <p class='ocr_par' dir='ltr' id='par_1_9' title="bbox 418 4163 2718 4636">
     <span class='ocr_line' id='line_1_36' title="bbox 566 4163 2713 4233; baseline 0 -16"><span class='ocrx_word' id='word_1_293' title='bbox 566 4170 596 4217; x_wconf 87' lang='lat'>9</span> <span class='ocrx_word' id='word_1_294' title='bbox 636 4167 694 4218; x_wconf 90' lang='lat' dir='ltr'>et</span> <span class='ocrx_word' id='word_1_295' title='bbox 731 4165 880 4232; x_wconf 80' lang='lat' dir='ltr'>(post</span> <span class='ocrx_word' id='word_1_296' title='bbox 916 4163 1034 4233; x_wconf 89' lang='lat' dir='ltr'>diu)</span> <span class='ocrx_word' id='word_1_297' title='bbox 1073 4181 1173 4217; x_wconf 86' lang='lat' dir='ltr'>om.</span> <span class='ocrx_word' id='word_1_298' title='bbox 1206 4164 1256 4216; x_wconf 89' lang='lat' dir='ltr'><em>V</em></span> <span class='ocrx_word' id='word_1_299' title='bbox 1417 4168 1481 4217; x_wconf 80' lang='lat'>12</span> <span class='ocrx_word' id='word_1_300' title='bbox 1520 4179 1622 4216; x_wconf 90' lang='lat' dir='ltr'>nec</span> <span class='ocrx_word' id='word_1_301' title='bbox 1658 4164 1914 4229; x_wconf 57' lang='lat' dir='ltr'>oij3,</span> <span class='ocrx_word' id='word_1_302' title='bbox 1954 4166 2016 4217; x_wconf 72' lang='lat' dir='ltr'>in</span> <span class='ocrx_word' id='word_1_303' title='bbox 2058 4164 2108 4217; x_wconf 77' lang='lat' dir='ltr'><em>G</em></span> <span class='ocrx_word' id='word_1_304' title='bbox 2144 4181 2213 4217; x_wconf 74' lang='lat' dir='ltr'>ss,</span> <span class='ocrx_word' id='word_1_305' title='bbox 2243 4182 2310 4217; x_wconf 86' lang='lat' dir='ltr'>m.</span> <span class='ocrx_word' id='word_1_306' title='bbox 2342 4169 2372 4217; x_wconf 90' lang='lat'><strong><em>1</em></strong></span> <span class='ocrx_word' id='word_1_307' title='bbox 2541 4168 2606 4224; x_wconf 77' lang='grc'>13</span> <span class='ocrx_word' id='word_1_308' title='bbox 2647 4181 2713 4218; x_wconf 89' lang='lat' dir='ltr'>ac</span> 
     </span>
     <span class='ocr_line' id='line_1_37' title="bbox 422 4243 2718 4313; baseline -0 -14"><span class='ocrx_word' id='word_1_309' title='bbox 422 4243 628 4299; x_wconf 73' lang='lat' dir='ltr'>om.,X&#39;</span> <span class='ocrx_word' id='word_1_310' title='bbox 757 4250 823 4297; x_wconf 86' lang='lat'>14</span> <span class='ocrx_word' id='word_1_311' title='bbox 860 4246 917 4297; x_wconf 86' lang='lat' dir='ltr'>et</span> <span class='ocrx_word' id='word_1_312' title='bbox 952 4262 1052 4299; x_wconf 86' lang='lat' dir='ltr'>om.</span> <span class='ocrx_word' id='word_1_313' title='bbox 1088 4245 1175 4298; x_wconf 70' lang='grc' dir='ltr'>θδ</span> <span class='ocrx_word' id='word_1_314' title='bbox 1297 4250 1364 4297; x_wconf 81' lang='lat'>20</span> <span class='ocrx_word' id='word_1_315' title='bbox 1398 4244 1649 4311; x_wconf 85' lang='lat' dir='ltr'>equestri</span> <span class='ocrx_word' id='word_1_316' title='bbox 1680 4246 1755 4298; x_wconf 89' lang='grc' dir='ltr'><strong>Μ</strong></span> <span class='ocrx_word' id='word_1_317' title='bbox 1763 4244 1959 4298; x_wconf 85' lang='lat' dir='ltr'><strong><em>VLPS</em></strong></span> <span class='ocrx_word' id='word_1_318' title='bbox 1992 4246 2149 4312; x_wconf 78' lang='lat' dir='ltr'>(corr.</span> <span class='ocrx_word' id='word_1_319' title='bbox 2181 4244 2279 4313; x_wconf 70' lang='lat' dir='ltr'>L3)</span> <span class='ocrx_word' id='word_1_320' title='bbox 2402 4244 2572 4298; x_wconf 74' lang='lat' dir='ltr'>andia</span> <span class='ocrx_word' id='word_1_321' title='bbox 2604 4245 2718 4298; x_wconf 77' lang='lat' dir='ltr'>GH</span> 
     </span>
     <span class='ocr_line' id='line_1_38' title="bbox 421 4323 2711 4394; baseline 0 -16"><span class='ocrx_word' id='word_1_322' title='bbox 421 4328 504 4394; x_wconf 80' lang='lat' dir='ltr'>(in</span> <span class='ocrx_word' id='word_1_323' title='bbox 538 4327 635 4380; x_wconf 81' lang='lat' dir='ltr'>hoc</span> <span class='ocrx_word' id='word_1_324' title='bbox 670 4326 890 4379; x_wconf 74' lang='lat' dir='ltr'>hastula</span> <span class='ocrx_word' id='word_1_325' title='bbox 922 4331 1048 4392; x_wconf 81' lang='lat' dir='ltr'>post</span> <span class='ocrx_word' id='word_1_326' title='bbox 1082 4343 1118 4377; x_wconf 89' lang='lat' dir='ltr'>n</span> <span class='ocrx_word' id='word_1_327' title='bbox 1156 4328 1361 4393; x_wconf 82' lang='lat' dir='ltr'>erasa),</span> <span class='ocrx_word' id='word_1_328' title='bbox 1410 4323 1669 4377; x_wconf 88' lang='lat' dir='ltr'>antiliam</span> <span class='ocrx_word' id='word_1_329' title='bbox 1710 4324 1814 4378; x_wconf 82' lang='lat' dir='ltr'>LS</span> <span class='ocrx_word' id='word_1_330' title='bbox 1829 4325 1896 4391; x_wconf 83' lang='lat' dir='ltr'>T,</span> <span class='ocrx_word' id='word_1_331' title='bbox 1951 4323 2174 4377; x_wconf 88' lang='lat' dir='ltr'>italiam</span> <span class='ocrx_word' id='word_1_332' title='bbox 2213 4325 2269 4379; x_wconf 92' lang='lat' dir='ltr'><em>P</em></span> <span class='ocrx_word' id='word_1_333' title='bbox 2443 4331 2521 4377; x_wconf 80' lang='grc'><strong>21·</strong></span> <span class='ocrx_word' id='word_1_334' title='bbox 2548 4327 2711 4378; x_wconf 91' lang='lat' dir='ltr'>natu-</span> 
     </span>
     <span class='ocr_line' id='line_1_39' title="bbox 418 4403 2711 4473; baseline -0.001 -14"><span class='ocrx_word' id='word_1_335' title='bbox 418 4406 593 4459; x_wconf 87' lang='lat' dir='ltr'>ralem</span> <span class='ocrx_word' id='word_1_336' title='bbox 623 4405 863 4458; x_wconf 84' lang='lat' dir='ltr'>Drusum</span> <span class='ocrx_word' id='word_1_337' title='bbox 901 4421 1081 4472; x_wconf 88' lang='lat' dir='ltr'>neque</span> <span class='ocrx_word' id='word_1_338' title='bbox 1110 4421 1209 4457; x_wconf 85' lang='lat' dir='ltr'>om.</span> <span class='ocrx_word' id='word_1_339' title='bbox 1244 4406 1296 4460; x_wconf 89' lang='lat' dir='ltr'><strong><em>V</em></strong></span> <span class='ocrx_word' id='word_1_340' title='bbox 1432 4403 1824 4464; x_wconf 83' lang='lat' dir='ltr'>Germanicum</span> <span class='ocrx_word' id='word_1_341' title='bbox 1864 4421 1962 4457; x_wconf 88' lang='lat' dir='ltr'>om.</span> <span class='ocrx_word' id='word_1_342' title='bbox 1989 4404 2040 4458; x_wconf 80' lang='lat' dir='ltr'><strong><em>G</em></strong></span> <span class='ocrx_word' id='word_1_343' title='bbox 2068 4406 2151 4472; x_wconf 75' lang='lat' dir='ltr'>(in</span> <span class='ocrx_word' id='word_1_344' title='bbox 2177 4406 2285 4472; x_wconf 74' lang='lat' dir='ltr'>fine</span> <span class='ocrx_word' id='word_1_345' title='bbox 2314 4408 2711 4473; x_wconf 70' lang='lat' dir='ltr'>quaternionis)</span> 
     </span>
     <span class='ocr_line' id='line_1_40' title="bbox 420 4484 2710 4558; baseline 0 -19"><span class='ocrx_word' id='word_1_346' title='bbox 420 4492 488 4539; x_wconf 77' lang='lat'>22</span> <span class='ocrx_word' id='word_1_347' title='bbox 526 4486 755 4539; x_wconf 87' lang='lat' dir='ltr'>alterius</span> <span class='ocrx_word' id='word_1_348' title='bbox 786 4485 1155 4558; x_wconf 79' lang='lat' dir='ltr'>(uirtutibus,</span> <span class='ocrx_word' id='word_1_349' title='bbox 1185 4484 1456 4553; x_wconf 87' lang='lat' dir='ltr'>alterius&gt;</span> <span class='ocrx_word' id='word_1_350' title='bbox 1493 4484 1650 4537; x_wconf 88' lang='lat' dir='ltr'>uitiis</span> <span class='ocrx_word' id='word_1_351' title='bbox 1682 4486 1928 4552; x_wconf 60' lang='grc' dir='ltr'>ΙΛῬεὶιιε,</span> <span class='ocrx_word' id='word_1_352' title='bbox 1966 4485 2131 4538; x_wconf 83' lang='lat' dir='ltr'>alteri</span> <span class='ocrx_word' id='word_1_353' title='bbox 2168 4485 2287 4538; x_wconf 88' lang='lat' dir='ltr'>eius</span> <span class='ocrx_word' id='word_1_354' title='bbox 2324 4485 2482 4538; x_wconf 89' lang='lat' dir='ltr'>uitiis</span> <span class='ocrx_word' id='word_1_355' title='bbox 2511 4493 2560 4539; x_wconf 83' lang='lat' dir='ltr'>et</span> <span class='ocrx_word' id='word_1_356' title='bbox 2596 4493 2710 4540; x_wconf 79' lang='lat' dir='ltr'>tum</span> 
     </span>
     <span class='ocr_line' id='line_1_41' title="bbox 420 4566 922 4636; baseline 0 -16"><span class='ocrx_word' id='word_1_357' title='bbox 420 4566 661 4621; x_wconf 87' lang='lat' dir='ltr'>offensus</span> <span class='ocrx_word' id='word_1_358' title='bbox 691 4568 922 4636; x_wconf 78' lang='lat' dir='ltr'>Bentley</span> 
     </span>
    </p>
   </div>
   <div class='ocr_carea' id='block_1_8' title="bbox 638 4088 844 4095">
    <p class='ocr_par' dir='ltr' id='par_1_10' title="bbox 638 4088 844 4095">
     <span class='ocr_line' id='line_1_42' title="bbox 638 4088 844 4095; baseline 0 1114"><span class='ocrx_word' id='word_1_359' title='bbox 638 4088 844 4095; x_wconf 95' lang='lat' dir='ltr'> </span> 
     </span>
    </p>
   </div>
   <div class='ocr_carea' id='block_1_9' title="bbox 2179 4654 2281 4706">
    <p class='ocr_par' dir='ltr' id='par_1_11' title="bbox 2179 4654 2281 4706">
     <span class='ocr_line' id='line_1_43' title="bbox 2179 4654 2281 4706; baseline 0 0"><span class='ocrx_word' id='word_1_360' title='bbox 2179 4654 2281 4706; x_wconf 83' lang='lat'>10*</span> 
     </span>
    </p>
   </div>
  </div>
 </body>
</html>
