3325 5209
620 416 750 479 174
1313 414 1367 469 C.
1410 414 1724 469 SVETONI
1761 414 2206 481 TRANQVILLI

507 576 596 642 20
793 578 1019 643 Edidit
1057 583 1121 643 et
1165 601 1430 665 peregre
1477 577 1867 662 spectacula,
1914 578 1983 644 in
2023 575 2243 642 Sicilia
2292 576 2625 663 Syracusis
2672 577 2909 643 asticos

611 687 797 752 ludos
846 691 911 750 et
957 687 1024 750 in
1065 684 1274 750 Gallia
1309 685 1654 772 Luguduni
1702 684 2054 769 miscellos3
2104 686 2214 750 sed
2251 683 2356 749 hic
2393 688 2716 749 certamen
2755 706 2910 767 quo-

578 774 583 785 *
614 814 738 876 que
777 790 1052 857 Graecae
1079 792 1472 875 Latinaeque
1507 791 1862 872 facundiae,
1900 814 2029 876 quo
2049 791 2417 857 certamine
2454 792 2669 856 ferunt
2705 791 2909 855 uicto-

610 898 790 964 ribus
848 900 1136 983 praemia
1190 899 1398 963 uictos
1454 898 1829 982 contulisse,
1877 899 2225 963 eorundem
2276 907 2339 962 et
2382 897 2603 963 laudes
2650 919 2907 981 compo-

611 1027 763 1070 nere
820 1011 1103 1090 coactos3
1163 1028 1272 1070 eos
1328 1009 1572 1087 autem,
1634 1006 1747 1089 qui
1792 1005 2068 1071 maxime
2119 1004 2625 1089 displicuissent,
2671 1005 2909 1087 scripta
2967 1028 2996 1069 ⁵

613 1135 730 1177 sua
773 1113 1045 1199 spongia
1088 1113 1391 1199 linguaue
1438 1112 1646 1176 delere
1694 1112 1931 1197 iussos,
1976 1112 2104 1177 nisi
2150 1112 2376 1177 ferulis
2424 1111 2753 1196 obiurgari
2799 1113 2911 1174 aut

612 1219 877 1283 flumine
922 1220 1221 1303 proximo
1268 1219 1472 1303 mergi
1518 1219 1911 1284 maluissent.

507 1322 592 1389 21
795 1323 1004 1409 Opera
1050 1326 1170 1391 sub
1217 1325 1475 1390 Tiberio
1526 1326 2000 1410 semiperfecta,
2046 1325 2361 1409 templum
2409 1324 2692 1411 Augusti
2736 1323 2911 1388 thea-

613 1435 912 1514 trumque
969 1431 1265 1516 Pompei,
1330 1431 1628 1497 absoluit.
1721 1431 2054 1498 incohauit
2101 1436 2317 1496 autem
2383 1454 2583 1515 aquae
2647 1430 2907 1495 ductum

613 1539 874 1623 regione
922 1537 1176 1603 Tiburti
1225 1543 1288 1603 et
1334 1539 1876 1623 amphitheatrum
1923 1540 2104 1603 iuxta
2142 1535 2395 1622 Saepta,
2442 1559 2716 1621 quorum
2764 1558 2911 1621 ope·
2942 1560 2998 1600 ιο

614 1668 758 1710 rum
790 1667 827 1708 a
864 1666 1228 1711 successore
1256 1647 1391 1710 eius
1423 1645 1692 1711 Claudio
1720 1647 1992 1710 alterum
2030 1650 2382 1729 peractum,
2421 1645 2730 1710 omissum
2758 1645 2910 1708 alte-

613 1775 756 1817 rum
822 1756 936 1816 est.
1038 1751 1370 1836 Syracusis
1435 1751 1741 1836 conlapsa
1812 1755 2136 1816 uetustate
2201 1751 2457 1817 moenia
2520 1752 2911 1834 deorumque

615 1860 799 1924 aedes
845 1858 1135 1924 refectae.
1219 1859 1651 1922 destinauerat
1698 1862 1764 1922 et
1810 1856 1987 1922 Sami
2032 1857 2392 1941 Polycratis
2439 1858 2682 1943 regiam
2729 1844 2909 1921 resti*-

612 1970 810 2049 tuere,
857 1965 1067 2030 Mileti
1103 1964 1491 2049 Didymeum
1529 1986 1852 2050 peragere,
1899 1965 1966 2029 in
2003 1964 2157 2049 iugo
2196 1963 2461 2049 Alpium
2501 1963 2726 2029 urbem
2765 1986 2909 2029 con-

614 2073 778 2156 dere,
825 2073 939 2138 sed
985 2077 1132 2137 ante
1180 2072 1397 2137 omnia
1440 2070 1761 2136 Isthmum
1809 2072 1876 2135 in
1923 2069 2169 2135 Achaia
2216 2072 2578 2156 perfodere,
2625 2071 2908 2136 miserat»
2939 2091 2991 2132 ιε

612 2202 737 2263 que
784 2180 913 2244 iam
961 2180 1042 2244 ad
1088 2178 1542 2244 dimetiendum
1591 2200 1756 2262 opus
1803 2178 2281 2262 primipilarem.
2779 2180 2786 2183 ”
3085 2162 3090 2167 ’

506 2281 591 2347 22
791 2285 1118 2351 Hactenus
1165 2287 1349 2369 quasi
1404 2286 1481 2350 de
1525 2285 1835 2370 principe,
1890 2284 2138 2367 reliqua
2191 2289 2266 2348 ut
2312 2285 2389 2348 de
2435 2287 2724 2349 monstro
2770 2307 2908 2348 nar-

610 2394 811 2458 randa
858 2398 1024 2458 sunt.

794 2498 1247 2583 Compluribus
1309 2499 1801 2584 cognominibus
1865 2499 2223 2582 adsumptis
2270 2536 2358 2545 —-
2415 2520 2561 2562 nam
2617 2502 2681 2562 et
2735 2498 2907 2582 pius

613 2612 677 2670 et
738 2612 1160 2672 castrorum
1221 2606 1444 2670 filius
1506 2609 1570 2670 et
1625 2609 1851 2689 pater
1910 2606 2385 2670 exercituum
2450 2610 2515 2670 et
2571 2606 2906 2690 optimus
2936 2623 2990 2662 ²0

613 2714 984 2777 maximus
1033 2711 1308 2777 Caesar
1351 2706 1705 2777 uocabatur
1741 2751 1829 2758 —
1867 2734 2008 2776 cum
2051 2712 2301 2776 audiret
2345 2713 2511 2776 forte
2547 2714 2907 2797 regesfqui

613 2819 815 2884 officii
864 2841 1054 2884 causa
1100 2819 1166 2883 in
1211 2820 1434 2884 urbem
1482 2819 1891 2902 aduenerant,
1940 2819 2367 2883 concertantis
2406 2819 2574 2902 apud
2612 2841 2679 2883 se
2718 2840 2907 2902 super

613 2947 832 2991 cenam
882 2928 958 2990 de
1005 2926 1342 2990 nobilitate
1389 2927 1658 3011 generiS,
1707 2926 2092 2990 exclamauit
2129 2926 2357 3009 (Hom.
2390 2925 2467 2989 11.
2498 2930 2560 3003 2,
2588 2926 2788 3008 204>2

1164 3023 1256 3109 εἷς
1301 3036 1610 3118 κοίρανος
1654 3030 1843 3116 ἔστω,
1892 3023 1984 3109 εἷς
2029 3033 2358 3114 βασιλεύς.

611 3161 730 3204 nec
788 3141 1063 3204 multum
1126 3139 1288 3204 afuit
1348 3140 1506 3223 quin
1567 3141 1785 3204 statim
1844 3139 2133 3204 diadema
2181 3142 2459 3204 sumeret
2504 3139 2907 3222 speciemque
2936 3155 2988 3195 2⁵

544 3258 574 3305 2
614 3247 1012 3330 principatus
1071 3247 1137 3310 in
1191 3247 1373 3332 regni
1430 3246 1706 3310 formam
1765 3248 2182 3310 conuerteret.
2269 3267 2492 3310 uerum
2541 3245 2905 3310 admonitus

613 3358 677 3417 et
720 3353 1089 3438 principum
1146 3358 1210 3417 et
1262 3375 1486 3438 regum
1546 3375 1613 3416 se
1671 3352 2018 3416 excessisse
2077 3352 2435 3437 fastigium,
2493 3351 2780 3416 diuinam
2830 3373 2908 3416 ex

612 3481 686 3523 eo
733 3461 1132 3524 maiestatem
1171 3482 1447 3524 asserere
1487 3460 1611 3525 sibi
1660 3459 1900 3543 coepit3
1949 3459 2225 3541 datoque
2262 3459 2546 3543 negotio,
2592 3462 2666 3522 ut
2713 3459 2906 3523 simu-

609 3568 783 3631 lacra
822 3568 1160 3631 numinum
1197 3567 1507 3652 religione
1544 3572 1610 3631 et
1655 3571 1792 3630 arte
1828 3566 2170 3649 praeclara,
2216 3567 2385 3630 inter
2420 3587 2584 3648 quae
2622 3563 2907 3649 Olympii

610 3672 812 3755 IouiS,
868 3677 1362 3757 apportarentur
1408 3696 1441 3736 e
1500 3671 1788 3752 Graecia,
1847 3671 2080 3754 quibus
2138 3671 2345 3754 capite
2402 3671 2661 3754 dempto
2720 3693 2905 3735 suum
2933 3697 2988 3738 ιο

758 3846 821 3893 17
862 3842 1046 3895 Victor
1074 3841 1221 3895 Cae-3.
1244 3844 1294 3905 3,
1315 3844 1350 3892 9
1384 3841 1658 3906 tanquam
1705 3837 1905 3890 beluae
1945 3837 2084 3906 (-lua
2124 3838 2342 3907 Mdhly)
2382 3837 2585 3891 hausto
2633 3838 2906 3908 sanguine

609 3921 901 3991 ingenium
931 3920 1160 3974 exeruit.
1308 3926 1375 3972 25
1413 3919 1486 3973 id.
1520 3922 1571 3984 3,
1593 3923 1661 3972 13
1691 3918 1779 3970 his
1809 3917 1991 3971 elatus
2026 3918 2315 3971 dominum
2343 3916 2456 3971 dici
2486 3920 2657 3986 atque
2685 3917 2906 3986 insigne

610 4002 769 4073 regni
797 4004 1021 4056 nectere
1050 3999 1225 4068 capiti
1262 4001 1656 4067 temptauerat.
1719 3999 1871 4066 Epit.
1895 4002 1946 4064 3,
1967 4003 2004 4051 8
2041 3997 2254 4066 primus
2285 3996 2605 4050 diademate
2643 3997 2906 4066 imposito

612 4082 900 4135 dominum
931 4097 989 4133 se
1026 4080 1191 4133 iussit
1220 4078 1511 4148 appellari.
1670 4084 1737 4130 29
1755 4095 1874 4146 sqq.
1905 4079 1972 4144 cf.
2005 4078 2188 4132 Victor
2209 4078 2355 4132 Caes.
2380 4081 2432 4142 3,
2455 4082 2526 4131 10
2564 4094 2689 4131 cum
2717 4077 2907 4131 Iouem

613 4178 669 4213 se
709 4162 778 4215 ob
816 4162 1091 4214 incestum
1124 4203 1132 4212 .
1159 4203 1168 4213 .
1195 4203 1204 4212 .
1237 4161 1523 4213 assereret.

755 4308 785 4355 2
817 4304 937 4374 sed]
969 4304 1066 4357 sed
1097 4306 1154 4356 et
1186 4303 1236 4356 G
1345 4308 1375 4355 6
1404 4300 1602 4370 lingua
1630 4300 1792 4353 uelut
1820 4300 2058 4370 spongia
2085 4300 2392 4355 Helmreieh
2504 4305 2567 4352 16
2598 4299 2904 4354 demetien-

613 4383 745 4435 dum
765 4384 816 4436 L
925 4390 987 4435 21
1010 4382 1395 4450 maximusque
1411 4382 1461 4435 G
1563 4387 1630 4433 23
1651 4380 1992 4434 exclamauit
2012 4380 2081 4434 de
2098 4380 2217 4452 celo
2235 4379 2395 4433 uenit
2412 4379 2575 4433 nobis
2591 4373 2774 4448 (uobis
2786 4380 2905 4447 ST)

612 4479 707 4515 rex
726 4464 851 4527 XN,
867 4479 1064 4533 graeca
1085 4480 1182 4517 om.
1202 4463 1372 4517 PTN
1456 4467 1523 4514 28
1550 4461 1852 4531 negotione
1873 4462 1992 4527 (om.
2011 4459 2456 4529 ut—religione)
2478 4459 2528 4513 G
2603 4466 2670 4512 29
2692 4458 2906 4528 olympi

615 4545 699 4608 M,
739 4542 876 4610 -pici
910 4542 1017 4594 GT
1049 4544 1137 4611 (ef.
1169 4544 1314 4612 Auy.
1346 4544 1436 4610 60)
1584 4547 1652 4595 30
1692 4557 1722 4594 e
1760 4540 1998 4594 Graecia
2033 4541 2112 4594 ed.
2148 4541 2458 4606 Ven.1510,
2496 4540 2727 4608 egregia
2763 4543 2815 4593 ,Ω
