3325 5209
623 399 749 462 142
1312 397 1367 453 C.
1409 397 1725 452 SVETONI
1762 397 2208 463 TRANQVILLI

620 561 953 647 egrediens
998 584 1078 625 ne
1126 561 1270 644 quis
1316 583 1382 625 se
1428 561 1870 645 interpellaret
1916 561 2205 626 edixerat
2250 583 2323 625 ac
2361 565 2501 625 toto
2539 562 2769 625 itinere
2809 562 2913 625 ad-

622 668 832 733 euntis
880 667 1308 733 submouerat.
1475 660 1484 672 ’

513 771 600 838 41
796 773 1150 860 Regressus
1204 775 1272 839 in
1326 775 1601 839 insulam
1658 775 1752 839 rei
1806 798 1866 859 p.
1917 775 2176 859 quidem
2233 798 2451 840 curam
2507 797 2709 859 usque
2755 776 2913 840 adeo

619 879 878 965 abiecit,
932 885 1007 944 ut
1060 886 1285 965 postea
1339 904 1469 946 non
1525 882 1815 946 decurias
1870 882 2162 966 equitum
2217 904 2525 967 umquam
2581 882 2915 966 supplerit,

617 1010 747 1052 non
793 987 1089 1053 tribunos
1135 988 1418 1053 militum
1472 989 1984 1074 praefectosque,
2029 1010 2160 1052 non
2204 989 2687 1073 prouinciarum
2733 1011 2910 1073 prae·
2968 1014 2997 1052 5

617 1095 784 1158 sides
829 1094 999 1159 ullos
1044 1096 1413 1179 mutauerit,
1458 1094 1843 1179 Hispaniam
1881 1099 1946 1159 et
1983 1094 2238 1178 Syriam
2275 1116 2391 1180 per
2428 1095 2676 1179 aliquot
2713 1117 2912 1159 annos

617 1201 754 1265 sine
801 1201 1247 1266 consularibus
1292 1202 1525 1287 legatis
1570 1187 1890 1287 habuerit,
1936 1201 2314 1267 Armeniam
2352 1225 2389 1266 a
2433 1202 2693 1266 Parthis
2732 1223 2911 1266 occu-

615 1308 773 1392 pari,
811 1306 1123 1371 Moesiam
1161 1331 1198 1371 a
1225 1307 1418 1372 Dacis
1458 1307 1913 1393 Sarmatisque,
1954 1307 2195 1373 Gallias
2233 1332 2269 1372 a
2301 1307 2635 1373 Germanis
2671 1309 2911 1373 uastari

614 1414 997 1499 neglexerit:
1058 1437 1293 1500 magno
1351 1415 1658 1479 dedecore
1720 1415 1976 1500 imperii
2034 1437 2154 1479 nec
2215 1416 2464 1480 minore
2525 1415 2908 1479 discrimine.
2963 1429 2974 1434 ’

509 1517 600 1584 42
615 1523 897 1584 ceterum
963 1521 1190 1585 secreti
1254 1521 1582 1586 licentiam
1647 1526 1921 1585 nanctus
1985 1526 2048 1586 et
2114 1522 2296 1605 quasi
2363 1522 2644 1586 ciuitatis
2708 1521 2910 1585 oculis
2941 1545 2994 1585 ιο

615 1627 907 1712 remotiS,
953 1632 1183 1691 cuncta
1228 1629 1422 1692 simul
1468 1629 1630 1692 uitia
1677 1629 1842 1692 male
1881 1629 1993 1693 diu
2031 1629 2433 1694 dissimulata
2468 1629 2723 1692 tandem
2764 1651 2909 1712 pro-
2943 1634 2948 1641 '

614 1733 808 1799 fudit:
866 1734 943 1798 de
999 1734 1233 1817 quibus
1288 1735 1671 1821 singillatim
1727 1735 1810 1798 ab
1863 1736 2126 1800 exordio
2186 1737 2476 1801 referam.
2569 1736 2636 1799 in
2682 1737 2908 1800 castris

614 1840 741 1904 tiro
789 1841 984 1904 etiam
1037 1845 1176 1904 tum
1224 1845 1492 1926 propter
1544 1841 1812 1906 nimiam
1869 1843 2007 1906 uini
2054 1843 2432 1907 auiditatem
2478 1865 2598 1928 pro
2645 1843 2906 1908 Tiberio

613 1946 1002 2031 Biberius,
1037 1971 1156 2032 pro
1187 1946 1455 2013 Claudio
1487 1948 1828 2033 Caldius,
1856 1971 1975 2033 pro
2005 1949 2264 2013 Nerone
2294 1948 2501 2014 Mero
2539 1950 2906 2015 uocabatur.

613 2058 838 2138 postea
882 2057 1182 2140 princeps
1237 2055 1305 2119 in
1361 2056 1500 2139 ipsa
1554 2055 1965 2140 publicorum
2022 2078 2276 2120 morum
2324 2057 2716 2120 correctione
2763 2079 2907 2121 cum
2937 2078 2988 2118 15

613 2161 973 2245 Pomponio
1012 2162 1241 2226 Flacco
1288 2167 1352 2226 et
1397 2162 1468 2226 L.
1506 2162 1742 2226 Pisone
1787 2168 2043 2226 noctem
2090 2163 2592 2245 continuumque
2638 2163 2906 2226 biduum

614 2268 931 2352 epulando
978 2269 1389 2354 potandoque
1436 2270 1856 2353 consumpsit,
1903 2292 2178 2352 quorum
2230 2269 2414 2332 alteri
2463 2268 2714 2353 Syriam
2760 2292 2907 2353 pro-

613 2376 922 2460 uinciam,
986 2375 1170 2439 alteri
1233 2376 1705 2459 praefecturam
1769 2376 1949 2441 urbis
2013 2376 2353 2440 confestim
2418 2376 2674 2461 detulit,
2737 2376 2906 2440 codi-

546 2566 551 2571 ἡ
615 2481 783 2545 cillis
830 2503 1089 2565 quoque
1136 2482 1628 2546 iucundissimos
1679 2487 1741 2546 et
1788 2482 2074 2547 omnium
2121 2482 2428 2547 horarum
2475 2483 2715 2548 amicos
2760 2505 2905 2566 pro-

542 2602 573 2649 2
613 2588 834 2651 fessus
933 2587 1147 2652 Cestio
1197 2587 1497 2674 Gallfflo,
1549 2589 1899 2655 libidinoso
1956 2610 2041 2653 ac·
2075 2589 2351 2675 prodigo
2400 2590 2563 2675 seni,
2619 2589 2774 2654 olim
2823 2590 2902 2654 ab
2933 2608 2986 2648 20

612 2694 911 2781 Augusto
961 2696 1318 2781 ignominia
1362 2701 1586 2760 notato
1634 2701 1701 2760 et
1746 2720 1784 2760 a
1829 2719 1894 2761 se
1942 2702 2089 2761 ante
2136 2719 2374 2781 paucos
2413 2697 2545 2761 dies
2593 2697 2766 2781 apud
2813 2719 2902 2760 se-

612 2804 837 2865 natum
884 2802 1200 2886 increpito
1249 2823 1469 2867 cenam
1517 2825 1590 2867 ea
1635 2804 1778 2889 lege
1825 2804 2140 2886 condixit,
2186 2825 2267 2866 ne
2314 2804 2470 2887 quid
2517 2826 2597 2867 ex
2643 2825 2901 2868 consue-

609 2908 834 2972 tudine
880 2909 1253 2973 immutaret
1298 2914 1409 2974 aut
1455 2910 1739 2974 demeret
1783 2914 1983 2994 utque
2028 2911 2219 2974 nudis
2256 2911 2491 2995 puellis
2539 2911 2903 2974 ministran-

609 3015 784 3080 tibus
823 3021 1172 3080 cenaretur.
1256 3017 1736 3103 ignotissimum
1776 3022 2154 3100 quaesturae
2194 3017 2603 3081 candidatum
2639 3016 2902 3079 nobilis-

610 3122 788 3186 simis
853 3124 1220 3206 anteposuit
1275 3123 1358 3187 ob
1414 3128 1673 3208 epotam
1719 3124 1788 3187 in
1844 3124 2145 3188 conuiuio
2202 3124 2585 3207 propinante
2643 3145 2708 3187 se
2763 3123 2901 3185 uini
2930 3141 2982 3180 25

609 3229 1003 3313 amphoram.
1114 3228 1362 3293 Asellio
1429 3228 1667 3294 Sabino
1742 3231 2037 3294 sestertia
2111 3230 2385 3294 ducenta
2449 3228 2715 3293 donauit
2777 3251 2896 3313 pro

754 3454 781 3500 7
823 3449 978 3517 Epit.
1007 3452 1061 3513 2,
1083 3454 1119 3503 9
1143 3448 1404 3502 resolutis
1441 3448 1685 3502 militiae
1722 3448 1939 3502 artibus
1978 3448 2245 3502 Armenia
2273 3467 2372 3518 per
2399 3449 2653 3517 Parthos,
2682 3448 2897 3502 Moesia

610 3546 644 3582 a
690 3529 884 3592 Dacis,
935 3529 1227 3582 Pannonia
1274 3548 1307 3581 a
1353 3528 1647 3594 Sarmatis,
1706 3528 1893 3582 Gallia
1941 3545 1975 3583 a
2021 3529 2274 3582 finitimis
2330 3529 2593 3597 gentibus
2642 3528 2895 3597 direptae

609 3613 741 3663 sunt
779 3611 867 3678 (ef.
910 3610 1093 3664 Victor
1132 3609 1280 3664 Caes.
1310 3613 1364 3675 2,
1385 3612 1455 3677 3).
1679 3615 1744 3662 10
1782 3611 1851 3676 ef.
1895 3610 2077 3663 Victor
2116 3610 2265 3664 Caes,
2295 3614 2358 3675 2,
2385 3614 2424 3663 2
2471 3609 2603 3662 dum
2638 3609 2804 3662 urbes
2842 3610 2901 3662 et

502 3748 513 3757 κ
608 3693 913 3744 conuentus
969 3692 1302 3756 exsecratur,
1360 3689 1599 3757 Capreas
1654 3688 1898 3742 insulam
1944 3690 2301 3758 quaesiuerat
2345 3688 2578 3758 flagitiis
2625 3689 2897 3743 obtentui.

610 3775 675 3823 13
714 3771 868 3839 Epit.
899 3774 954 3835 2,
980 3773 1019 3822 2
1064 3769 1198 3837 iste,
1238 3768 1372 3838 quia
1409 3768 1676 3823 Claudius
1715 3768 1970 3822 Tiberius
2006 3767 2154 3821 Nero
2194 3768 2501 3836 dicebatur,
2540 3768 2826 3839 eleganter
2864 3786 2898 3821 a

605 3849 946 3904 iocularibus
986 3849 1213 3903 Caldius
1254 3849 1508 3902 Biberius
1546 3849 1700 3903 Mero
1738 3849 1809 3902 ob
1848 3847 2215 3902 uinolentiam
2255 3848 2576 3902 nominatus
2615 3852 2715 3902 est.

750 4054 776 4100 1
826 4047 924 4115 qui
964 4046 1291 4116 VL¹PH¹Q
1329 4046 1514 4114 (Roth)
1670 4045 1761 4115 ac]
1800 4061 1835 4098 a
1872 4044 1925 4099 V
2067 4050 2130 4098 10
2169 4044 2375 4098 osculis
2408 4045 2460 4099 G
2620 4051 2682 4099 11
2720 4063 2895 4099 remo-

603 4128 677 4181 tis
710 4130 785 4182 M
794 4127 911 4180 ΘΧ
914 4126 948 4193 '‚
993 4128 1239 4179 remotus
1281 4130 1329 4179 Τ
1373 4133 1423 4179 et
1464 4127 1577 4192 fere
1613 4126 1732 4179 edd.
1926 4131 1990 4177 12
2030 4125 2360 4194 singulatim
2401 4125 2453 4179 G-
2642 4131 2708 4177 15
2745 4124 2895 4193 prin-

605 4208 757 4276 cipes
781 4209 853 4261 M
860 4208 874 4237 ¹
984 4207 1331 4275 correptione
1355 4207 1446 4261 ΤΒ
1552 4211 1617 4257 16
1646 4206 1909 4274 pompeio
1939 4208 2197 4275 (pompeo
2218 4208 2293 4275 R)
2319 4206 2530 4276 QRSN
2636 4211 2701 4258 18
2731 4205 2896 4257 alteri

604 4305 703 4341 om.
731 4287 776 4339 V
951 4294 1019 4341 20
1059 4287 1242 4341 Cestio
1271 4288 1442 4352 Roth,
1489 4286 1658 4340 sestio
1699 4285 1950 4354 (sestigio
1972 4286 2034 4351 V,
2074 4287 2250 4340 sextio
2295 4288 2441 4355 Τ).Ω,
2629 4283 2790 4339 Gallo
2824 4284 2894 4339 V²

605 4368 832 4436 (Toron),
870 4368 1045 4437 gallio
1090 4370 1162 4422 M
1170 4368 1414 4433 GVR6‚
1461 4366 1652 4436 gaulio
1693 4365 1881 4432 LPS‚
1919 4365 2151 4434 gauinio
2193 4367 2264 4433 Τ,
2314 4366 2538 4420 claudio
2576 4368 2638 4419 H
2651 4366 2696 4436 Q
2732 4371 2781 4418 et
2815 4365 2896 4419 sic

594 4464 700 4515 pro
747 4465 800 4500 u.
841 4449 873 4501 l.
913 4465 980 4502 ss.
1029 4450 1091 4501 in
1130 4450 1209 4514 R,
1256 4463 1429 4517 gauro
1470 4447 1536 4500 N
1720 4452 1786 4499 22
1826 4463 1891 4500 ea
1929 4463 2028 4500 om.
2073 4447 2123 4500 G
2314 4453 2380 4499 24
2419 4448 2683 4516 questura
2719 4446 2788 4510 G,
2834 4444 2895 4497 in

604 4530 953 4594 questuraN
