3325 5209
581 391 724 456 '300
1290 390 1344 443 C.
1386 387 1701 443 SVETONI
1737 387 2182 453 TRANQVILLI

589 554 883 638 neglecto
930 551 1203 617 Alliensi
1249 552 1350 616 die
1396 552 1846 636 pontificatum
1893 551 2246 615 maximum
2283 551 2472 636 cepit,
2520 551 2783 615 comitia
2822 552 2890 615 in

593 663 808 726 decem
856 681 1057 724 annos
1103 659 1428 724 ordinauit
1474 680 1668 741 seque
1714 661 2096 742 perpetuum
2135 657 2482 723 consulem.
2567 662 2630 722 et
2666 680 2747 722 ne
2785 657 2888 721 cui

594 767 861 832 dubium
906 766 1091 849 foret,
1138 765 1311 850 quod
1356 767 1685 850 exemplar
1728 764 2041 850 regendae
2087 764 2180 829 rei
2226 788 2285 849 p.
2333 764 2618 850 eligeret,
2678 764 2889 848 medio

591 873 826 938 Martio
875 895 1101 956 campo
1150 872 1438 937 adhibita
1483 871 1889 956 publicorum
1941 870 2342 935 sacerdotum
2390 870 2752 955 frequentia
2799 871 2891 935 in-

592 982 787 1046 ferias
816 979 1062 1045 Neroni
1093 979 1266 1044 dedit
1294 1001 1368 1043 ac
1395 978 1692 1043 sollemni
1722 977 2023 1042 conuiuio
2056 977 2493 1043 citharoedum
2532 979 2888 1062 placentem
2945 1001 2978 1042 s

591 1088 805 1172 palam
853 1086 1213 1169 admonuit,
1270 1090 1342 1149 ut
1389 1085 1686 1166 aliquid
1733 1088 1804 1149 et
1850 1084 1937 1148 de
1984 1084 2369 1149 dominico
2418 1084 2734 1168 diceret,
2800 1085 2891 1148 in·

596 1193 981 1278 cohantique
1036 1192 1405 1257 Neroniana
1458 1192 1708 1255 cantica
1754 1191 2003 1275 primus
2050 1191 2344 1255 exultans
2391 1192 2584 1255 etiam
2632 1190 2890 1275 plausit.

489 1299 574 1365 12
593 1301 840 1365 talibus
876 1299 1212 1385 principiis
1251 1320 1546 1384 magnam
1590 1298 1847 1382 imperii
1883 1302 2134 1382 partem
2178 1319 2312 1362 non
2347 1297 2475 1360 nisi
2524 1298 2791 1362 consilio
2830 1302 2893 1362 et

595 1407 867 1471 arbitrio
894 1397 898 1399 i
923 1407 1225 1471 uilissimi
1281 1405 1589 1488 cuiusque
1644 1404 2033 1469 histrionum
2093 1407 2156 1468 et
2213 1404 2580 1490 aurigarum
2629 1405 2894 1469 admini-

597 1514 829 1579 strauit
866 1518 931 1578 et
967 1515 1245 1578 maxime
1281 1512 1551 1576 Asiatici
1587 1510 1825 1576 liberti.
1872 1510 2044 1575 hunc
2081 1510 2628 1575 adulescentulum
2667 1516 2892 1576 mutua
2921 1534 2977 1574 ιο

594 1620 861 1685 libidine
926 1624 1448 1704 constupratum,
1512 1641 1664 1683 mox
1730 1618 1941 1682 taedio
1999 1616 2349 1704 profugum
2407 1639 2551 1680 cum
2609 1617 2893 1683 Puteolis

595 1749 853 1810 poscam
901 1728 1278 1791 uendentem
1327 1725 1857 1810 reprehendisset,
1903 1725 2131 1789 coiecit
2167 1725 2237 1788 in
2276 1725 2612 1808 compedes
2651 1725 2894 1789 statim-

598 1856 720 1917 que
792 1834 989 1898 soluit
1066 1838 1129 1898 et
1188 1855 1408 1897 rursus
1469 1834 1537 1897 in
1599 1831 1844 1896 deliciis
1904 1831 2187 1915 habuit,
2230 1832 2462 1895 iterum
2524 1831 2751 1895 deinde
2811 1831 2893 1894 ob

594 1941 860 2004 nimiam
927 1940 1395 2006 contumaciam
1469 1943 1532 2004 et
1591 1939 1998 2003 furacitatem
2060 1942 2364 2023 grauatus
2427 1938 2892 2003 circumforano

595 2046 866 2112 lanistae
925 2047 1215 2112 uendidit
1273 2048 1671 2130 dilatumque
1734 2045 1815 2110 ad
1858 2046 2052 2109 finem
2108 2045 2390 2109 muneris
2440 2049 2700 2128 repente
2748 2044 2894 2108 sub·
2926 2065 2981 2106 1⁶

597 2153 798 2237 ripuit
862 2157 926 2218 et
981 2155 1315 2238 prouincia
1370 2153 1624 2217 demum
1673 2157 1934 2236 accepta
1979 2152 2359 2216 manumisit
2407 2173 2479 2215 ac
2523 2152 2733 2235 primo
2782 2153 2896 2214 im-

596 2262 760 2346 perii
816 2261 917 2326 die
972 2261 1181 2325 aureis
1238 2259 1503 2323 donauit
1560 2257 1772 2321 anulis
1829 2280 2020 2341 super
2076 2279 2315 2340 cenam,
2372 2280 2519 2322 cum
2565 2280 2750 2322 mane
2797 2280 2896 2321 ro-

597 2368 899 2453 gantibus
956 2372 1087 2452 'pro
1150 2387 1223 2430 eo
1288 2365 1534 2429 cunctis
1595 2364 1947 2429 detestatus
2011 2369 2177 2429 esset
2238 2364 2639 2428 seuerissime
2699 2366 2893 2428 talem

429 2560 434 2564 .
599 2475 911 2558 equestris
961 2473 1201 2537 ordinis
1249 2470 1582 2535 maculam.

493 2576 580 2643 13
785 2578 908 2643 Sed
972 2579 1077 2643 uel
1130 2578 1471 2661 praecipue
1527 2576 1817 2641 luxuriae
1875 2578 2303 2661 saeuitiaeque
2359 2577 2611 2641 deditus
2672 2577 2895 2661 epulas
2927 2599 2985 2640 20

598 2688 915 2751 trifariam
964 2707 1228 2768 semper,
1275 2684 1594 2748 interdum
1643 2683 2102 2767 quadrifariam
2150 2682 2592 2767 dispertiebat,
2653 2685 2720 2748 in
2767 2686 2898 2748 ian-

600 2794 812 2859 tacula
868 2796 931 2857 et
988 2791 1256 2876 prandia
1312 2796 1374 2855 et
1430 2812 1617 2854 cenas
1676 2789 2275 2873 comisationesque,
2350 2789 2538 2855 facile
2599 2791 2896 2855 omnibus

601 2901 926 2964 sufficiens
971 2898 1332 2963 uomitandi
1379 2897 1858 2961 consuetudine.
1952 2896 2272 2960 indicebat
2318 2900 2534 2961 autem
2574 2898 2746 2960 aliud
2786 2897 2897 2960 alii

602 3007 816 3071 eadem
860 3006 978 3089 die,
1023 3026 1140 3070 nec
1180 3007 1480 3088 cuiquam
1522 3004 1734 3068 minus
1775 3003 2014 3088 singuli
2054 3007 2399 3088 apparatus
2440 3002 2895 3088 quadringenis

531 3128 561 3174 2
592 3114 867 3178 milibus
935 3134 1273 3176 nummum
1350 3111 1795 3175 constiterunt.
1904 3110 2338 3173 famosissima
2401 3132 2594 3193 super
2657 3113 2895 3174 ceteras
2926 3130 2983 3171 25

744 3278 775 3324 2
819 3288 939 3339 sqq.
992 3270 1228 3337 Eutrop.
1271 3269 1394 3323 VII
1424 3272 1524 3333 18,
1552 3272 1586 3319 4
1639 3285 1767 3320 cum
1816 3266 2028 3320 Neroni
2075 3266 2274 3320 similis
2322 3284 2441 3322 esse
2497 3267 2673 3322 uellet
2726 3271 2897 3336 atque

599 3352 661 3405 id
713 3352 854 3404 adeo
905 3366 1040 3419 prae
1100 3367 1178 3402 se·
1209 3349 1403 3413 ferret,
1454 3349 1519 3401 ut
1571 3346 1744 3400 etiam
1806 3346 2067 3415 exequias
2125 3346 2361 3402 Neronis
2407 3389 2419 3401 .
2465 3389 2478 3402 .
2524 3389 2535 3400 .
2578 3347 2894 3401 honoraret.

602 3436 669 3484 20
707 3431 943 3499 Eutrop.
983 3429 1109 3482 VII
1126 3434 1214 3494 18,
1250 3432 1288 3482 2
1338 3427 1499 3496 graui
1552 3427 1792 3480 saeuitia
1843 3426 2110 3481 notabilis
2124 3469 2138 3494 ‚
2189 3427 2489 3496 praecipue
2538 3427 2793 3498 ingluuie
2841 3428 2900 3480 et

599 3510 928 3576 uoracitate‚
968 3509 1179 3578 quippe
1215 3525 1343 3561 cum
1372 3508 1440 3560 de
1471 3506 1562 3560 die
1592 3522 1757 3576 saepe
1787 3508 1988 3574 quarto
2026 3507 2123 3561 uel
2150 3506 2347 3575 quinto
2376 3508 2591 3562 feratur
2618 3507 2894 3576 epulatus

606 3591 754 3645 Oros.
794 3590 922 3643 VII
947 3594 1000 3654 8,
1032 3593 1066 3641 7
1101 3587 1422 3642 incredibili
1453 3630 1464 3641 .
1498 3629 1510 3641 .
1543 3628 1554 3640 .
1593 3585 1925 3640 uoracitatis
1972 3588 2244 3656 appetitu.
2310 3589 2379 3654 cf.
2420 3587 2648 3656 Lampr.
2678 3587 2897 3658 Helioy.

511 3670 520 3679 ‘
563 3683 571 3689 ·
599 3674 690 3738 24,
720 3674 754 3723 3
900 3675 967 3722 25
1006 3670 1241 3737 Eutrop.
1284 3669 1407 3722 VII
1428 3672 1520 3734 18,
1549 3672 1583 3720 3
1620 3666 1915 3720 notissima
1944 3669 2093 3720 certe
2132 3684 2269 3722 cena
2301 3667 2602 3722 memoriae
2630 3666 2899 3719 mandata

602 3752 713 3813 est,
760 3768 929 3818 quam
966 3749 1019 3803 ei
1055 3747 1318 3802 Vitellius
1355 3748 1531 3801 frater
1566 3746 1848 3813 exhibuit,
1886 3747 1945 3801 in
1983 3764 2095 3815 qua
2138 3764 2305 3817 super
2341 3750 2552 3801 ceteros
2591 3748 2700 3800 duo
2738 3747 2901 3800 milia

600 3829 857 3899 piscium,
896 3832 1111 3898 septem
1150 3828 1341 3881 auium
1379 3827 1637 3897 adposita
1675 3828 1990 3882 traduntur.

744 3967 775 4014 5
815 3962 905 4034 ac]
936 3977 1003 4015 ac
1030 3979 1099 4015 ne
1132 3964 1207 4017 M
1319 3967 1349 4014 6
1389 3963 1446 4015 et
1475 3978 1576 4016 om.
1607 3963 1683 4016 M
1686 3960 1757 4032 Ὦ
1784 3963 1865 4030 (in
1894 3963 1968 4016 M
1982 3962 2264 4030 praecedit
2299 3960 2541 4030 aliquit),
2577 3962 2750 4015 etiam
2789 3961 2898 4034 (ec-

602 4045 655 4111 ὃ)
689 4043 785 4096 Na
919 4041 989 4095 de
1018 4059 1118 4096 om.
1154 4042 1205 4095 G
1332 4040 1612 4094 dominico
1645 4041 1841 4108 MG'I‘,
1880 4041 2114 4095 domitio
2143 4042 2273 4108 XN,
2309 4040 2534 4095 domino
2565 4042 2768 4112 (dinco)
2800 4041 2900 4109 11²,

604 4120 899 4175 dominicis
930 4122 1157 4188 Hofstee
1257 4127 1340 4175 -12
1370 4137 1603 4189 puscam
1639 4125 1688 4174 Τ
1816 4126 1880 4173 13
1911 4121 2081 4175 soluit
2117 4122 2198 4175 ed.
2229 4123 2409 4176 Basil.
2439 4139 2492 4175 a.
2523 4125 2684 4187 1533,
2724 4120 2899 4176 coluit

602 4205 671 4269 Ω,
711 4201 992 4272 ex(s)oluit
1025 4202 1165 4257 Oud.
1328 4201 1534 4254 iterum
1562 4218 1662 4255 om.
1699 4201 1751 4255 G
1914 4207 1981 4254 14
2017 4200 2373 4255 ferocitatem
2399 4205 2460 4255 X
2490 4205 2570 4271 (at
2606 4200 2790 4255 furoc—
2828 4201 2898 4268 L,

601 4298 641 4334 11
685 4283 748 4335 in
792 4300 901 4337 ras.
949 4300 1018 4336 m.
1055 4284 1113 4351 2)
1161 4288 1212 4336 et
1254 4282 1365 4347 fere
1410 4281 1528 4335 edd.
1779 4280 2221 4339 circumforaneo,
2266 4298 2300 4341 ς
2346 4286 2397 4335 et
2440 4283 2592 4352 παῖς.
2633 4288 2761 4349 post
2796 4281 2900 4337 Sa-

604 4363 852 4416 bellicum
1013 4367 1078 4416 15
1118 4360 1480 4429 delatumque
1514 4364 1563 4413 'I‘
1735 4367 1800 4415 16
1837 4377 2008 4414 manu
2046 4360 2234 4414 emisit
2265 4361 2317 4414 G
2488 4367 2551 4414 21
2593 4361 2653 4414 in
2690 4378 2790 4415 om.
2832 4364 2899 4428 X,

603 4457 737 4495 corr.
770 4440 850 4493 L²
1050 4440 1336 4495 iantacula
1374 4441 1448 4493 M
1449 4440 1553 4511 GQ
1589 4440 1641 4511 (1
1677 4441 1977 4515 gentacula
2010 4441 2061 4494 G
2098 4442 2161 4493 in
2196 4458 2368 4511 mary.
2407 4459 2474 4494 m.
2507 4442 2578 4510 1),
2616 4440 2900 4495 ientacula

604 4522 758 4589 (gen-
788 4522 923 4582 ΗΡ)
960 4523 1053 4575 rel.
1094 4523 1179 4590 (de
1217 4519 1295 4573 L¹
1323 4537 1435 4573 ‘non
1472 4524 1719 4590 constat),
1758 4522 1827 4587 cf.
1870 4522 1975 4576 Vit.
2009 4526 2043 4574 7
2189 4525 2256 4574 24
2294 4520 2525 4575 minoris
2567 4520 2802 4575 Ursinus
