3325 5209
628 429 713 492 36
1333 429 1388 485 C.
1430 430 1747 484 SVETONI
1782 430 2227 495 TRANQVILLI
3301 449 3302 498 χ

522 591 615 657 69
812 591 1205 657 Seditionem
1261 614 1375 676 per
1434 595 1648 657 decem
1706 616 1907 658 annos
1960 591 2223 660 Gallicis
2272 595 2458 658 bellis
2503 593 2748 660 nullam
2797 618 2935 659 om-

630 700 785 762 nino
833 705 1192 784 mouerunt,
1241 700 1540 765 ciuilibus
1588 700 1854 784 aliquas,
1902 700 2012 765 sed
2059 705 2131 764 ut
2179 701 2470 765 celeriter
2512 702 2596 765 ad
2642 703 2933 766 officium

630 806 964 889 redierint,
1017 828 1137 871 nec
1193 811 1326 871 tam
1384 807 1785 892 indulgentia
1842 806 2019 870 ducis
2076 830 2270 890 quam
2317 809 2716 873 auctoritate.
2798 831 2934 873 non

629 914 802 975 enim
841 914 1030 976 cessit
1068 935 1373 996 umquam
1418 914 1966 977 tumultuantibus
2004 918 2199 996 atque
2239 916 2440 979 etiam.
2471 916 2729 980 obuiam
2769 938 2934 980 sem·

628 1041 746 1102 per
791 1020 895 1103 iit3
951 1024 1015 1082 et
1059 1042 1297 1083 nonam
1356 1020 1612 1103 quidem
1670 1021 1992 1103 legionem
2041 1021 2208 1104 apud
2256 1021 2680 1105 Placentiam,
2734 1045 2932 1105 quan·
2992 1047 3016 1085 5

628 1147 822 1208 quam
871 1127 939 1189 in
986 1128 1179 1190 armis
1229 1127 1436 1190 adhuc
1481 1125 1830 1211 Pompeius
1879 1132 2073 1211 esset,
2129 1132 2333 1192 totam
2382 1136 2527 1194 cum
2574 1129 2933 1212 ignominia

629 1232 890 1295 missam
946 1234 1101 1296 fecit
1156 1255 1470 1319 aegreque
1524 1238 1677 1318 post
1732 1234 1967 1297 multas
2025 1238 2089 1299 et
2145 1235 2455 1319 supplicis
2510 1257 2758 1319 preces,
2814 1258 2932 1299 nec

527 1336 755 1402 70nisi
821 1343 1042 1402 exacta
1106 1340 1183 1402 de
1237 1337 1541 1404 'sontibus
1602 1362 1835 1424 poena,
1901 1342 2210 1427 restituit3
2286 1341 2650 1405 decimanos
2716 1347 2929 1406 autem

628 1444 873 1509 Romae
921 1467 1067 1509 cum
1114 1446 1487 1529 ingentibus
1535 1448 1728 1512 minis
1773 1470 2151 1531 summoque
2191 1449 2384 1512 etiam
2421 1448 2599 1513 urbis
2640 1449 2927 1531 periculo

629 1550 1001 1615 missionem
1041 1556 1104 1615 et
1142 1554 1425 1635 praemia
1463 1553 1845 1638 flagitantes,
1884 1555 2146 1618 ardente
2184 1560 2337 1618 tunc
2375 1556 2442 1618 in
2480 1554 2703 1619 Africa
2741 1555 2928 1639 bello,
2961 1582 3015 1619 ιο

628 1681 834 1740 neque
901 1660 1073 1722 adire
1139 1663 1472 1723 cunctatus
1538 1663 1661 1743 est,
1734 1683 2101 1744 quanquam
2161 1662 2628 1726 deterrentibus
2690 1662 2927 1745 amiciS,

627 1787 834 1846 neque
883 1764 1229 1850 dimittere3
1278 1766 1386 1829 sed
1433 1790 1562 1829 nna
1597 1788 1776 1849 uoce,
1825 1790 1950 1850 qua
1988 1766 2269 1843 Quirites
2308 1790 2416 1832 eos
2453 1790 2572 1853 pro
2613 1769 2926 1833 militibus

628 1872 1009 1955 appellarat,
1066 1876 1197 1935 tam
1254 1872 1442 1937 facile
1491 1874 1868 1958 circumegit
1913 1878 1978 1936 et
2023 1875 2230 1957 flexit,
2283 1879 2356 1938 ut
2403 1876 2458 1938 ei
2507 1875 2745 1939 milites
2794 1897 2927 1940 esse

629 1978 965 2041 confestim
1013 1980 1462 2062 responderint
1517 1983 1581 2042 et
1629 1981 1924 2063 quamuis
1979 1986 2379 2045 recusantem
2425 1984 2597 2045 ultro
2647 1983 2713 2044 in
2761 1981 2928 2045 Afri-

628 2105 768 2148 cam
827 2086 957 2149 sint
1018 2087 1247 2182 secuti3
1305 2108 1378 2150 ac
1435 2088 1528 2150 sic
1585 2108 1842 2169 quoque
1895 2087 2451 2153 seditiosissimum
2502 2111 2818 2172 quemque
2864 2093 2929 2152 et
2961 2112 3010 2150 15

627 2192 897 2274 praedae
945 2197 1007 2255 et
1055 2194 1194 2277 agri
1243 2194 1545 2256 destinati
1592 2194 1785 2257 tertia
1830 2198 2009 2277 parte
2055 2195 2374 2258 multauit.

524 2293 606 2359 71
813 2297 1111 2362 Studium
1143 2303 1206 2363 et
1234 2300 1390 2363 fides
1422 2321 1573 2383 erga
1612 2301 1863 2363 clientis
1901 2323 1980 2364 ne
2019 2302 2236 2364 iuueni
2276 2301 2532 2384 quidem
2573 2302 2927 2365 defuerunt.

625 2405 1020 2469 Masintham
1075 2406 1361 2469 nobilem
1420 2407 1745 2479 iuuenem,
1804 2430 1950 2472 cum
1998 2408 2300 2472 aduersus
2348 2408 2788 2491 Hiempsalem
2836 2431 2928 2471 re-

626 2534 773 2596 gem
820 2517 952 2575 tam
1001 2514 1187 2575 enixe
1225 2512 1631 2595 defendisset,
1678 2518 1751 2576 ut
1789 2512 1988 2578 Iubae
2025 2516 2195 2599 regis
2233 2515 2368 2578 filio
2408 2515 2477 2578 in
2514 2518 2928 2579 altercatione

626 2618 894 2681 barbam
942 2618 1276 2701 inuaserit,
1334 2620 1822 2702 stipendiarium
1870 2642 2125 2704 quoque
2173 2622 2661 2703 pronuntiatum
2711 2627 2774 2686 et
2820 2623 2927 2686 ab·
2957 2645 3010 2682 20

628 2725 1068 2788 strahentibus
1118 2725 1338 2790 statim
1384 2725 1621 2809 eripuit
1672 2727 2147 2811 occultauitque
2196 2729 2365 2811 apud
2413 2750 2482 2791 se
2528 2727 2636 2791 diu
2676 2733 2740 2792 et
2778 2752 2928 2792 mox

629 2853 706 2894 ex
752 2835 1051 2913 praetura
1098 2833 1509 2915 proficiscens
1557 2833 1625 2896 in
1662 2833 2043 2916 Hispaniam
2090 2835 2258 2898 inter
2295 2835 2507 2898 officia
2543 2858 2926 2919 prosequen-

627 2939 792 3001 tium
841 2938 1165 3021 fascesque
1211 2939 1513 3002 lictorum
1560 2939 1788 3003 lectica
1834 2962 1948 3002 sua
1995 2941 2226 3004 auexit.

523 3038 609 3102 72
813 3042 1076 3108 Amicos
1131 3049 1312 3109 tanta
1369 3067 1617 3130 semper
1671 3046 1981 3110 facilitate
2036 3048 2562 3132 indulgentiaque
2608 3050 2929 3132 tractauit,

628 3154 702 3213 ut
765 3149 921 3214 Gaio
984 3149 1194 3235 Oppio
1258 3153 1594 3216 comitanti
1663 3175 1730 3215 se
1789 3175 1905 3236 per
1967 3153 2260 3217 siluestre
2320 3155 2444 3217 iter
2505 3159 2928 3239 correptoque
2958 3177 3010 3216 25

626 3257 840 3322 subita
895 3258 1252 3321 ualitudine
1309 3260 1910 3343 deuersoriolo[co],
1968 3261 2141 3343 quod
2197 3283 2395 3324 unum
2445 3264 2608 3345 erat,
2667 3263 2929 3325 cesserit

625 3369 689 3428 et
738 3365 874 3447 ipse
921 3365 1104 3428 humi
1152 3388 1225 3428 ac
1272 3366 1392 3429 sub
1433 3367 1583 3430 diuo
1623 3366 1933 3430 cubuerit.
2011 3366 2137 3430 iam
2186 3372 2400 3431 autem
2446 3391 2660 3431 rerum
2701 3372 2929 3451 potens

767 3539 797 3584 5
837 3533 905 3597 ef.
938 3533 1108 3586 Sehol.
1134 3533 1350 3586 Lucan.
1379 3534 1432 3586 V
1454 3537 1562 3585 310
1592 3533 1900 3584 secundum
1928 3532 2029 3586 Iul.
2054 3532 2274 3586 Celsum
2304 3533 2416 3586 ista
2446 3533 2649 3587 seditio
2679 3552 2792 3588 non
2819 3534 2931 3587 fuit

623 3611 930 3679 generalis,
981 3612 1080 3664 sed
1118 3614 1340 3664 tantum
1378 3612 1438 3664 in
1475 3628 1624 3665 nona
1662 3612 1912 3681 legione,
1961 3612 2096 3680 quia
2134 3613 2182 3665 si
2219 3613 2424 3667 fuisset
2462 3613 2769 3682 generalis,
2816 3632 2930 3668 non

624 3691 702 3743 sic
749 3689 955 3743 fuisset
992 3709 1124 3744 usus
1166 3691 1422 3745 audacia.
1482 3695 1539 3744 et
1575 3691 1686 3744 fuit
1724 3692 2075 3758 Placentiae,
2114 3692 2214 3745 ubi
2263 3695 2589 3747 conuocatis
2627 3694 2822 3747 multis
2863 3712 2930 3747 ex

625 3769 754 3823 aliis
783 3771 859 3823 XI
895 3770 1233 3839 legionibUS,
1273 3789 1413 3838 quas
1453 3789 1640 3825 secum
1671 3773 2039 3839 conducebat,
2070 3772 2207 3826 fecit
2237 3790 2304 3827 ex
2333 3773 2616 3841 aliquibus
2648 3773 2929 3828 iustitiam

625 3854 682 3904 et
721 3850 947 3904 sedauit
990 3851 1295 3904 tumultum
1332 3852 1508 3906 illum.

768 4000 796 4045 3
826 3995 1076 4047 redirent
1097 3998 1155 4045 X
1267 4001 1297 4047 6
1328 3996 1475 4046 esset
1503 3995 1795 4062 pompeius
1818 4000 1875 4047 X
1987 3995 2266 4048 Domitius
2289 3997 2342 4050 G.
2361 3997 2425 4050 G.
2443 3998 2654 4050 Maller
2776 4003 2841 4050 10
2870 3998 2931 4050 in

626 4075 724 4128 del.
744 4077 939 4128 Burm.
1081 4080 1143 4126 11
1178 4075 1591 4128 detorrentibus
1612 4078 1699 4140 M,
1737 4077 1864 4128 inde
1890 4076 2318 4129 dehortantibus
2341 4079 2573 4146 Bentley
2711 4083 2774 4129 12
2807 4078 2929 4148 sed]

626 4157 682 4206 et
706 4156 937 4224 Bentley
1040 4160 1104 4207 13
1137 4171 1255 4207 esse
1279 4171 1336 4207 se
1359 4172 1408 4219 ς,
1440 4172 1496 4207 se
1521 4171 1639 4207 esse
1659 4157 1891 4226 Bentley
1995 4162 2058 4207 17
2090 4158 2183 4226 ne]
2212 4157 2344 4209 neni
2364 4159 2438 4210 M
2461 4158 2610 4225 (inde
2638 4157 2697 4209 in
2726 4158 2931 4211 iuuene

627 4236 895 4302 Bentley),
934 4250 1036 4286 nec
1069 4235 1121 4286 P
1133 4235 1177 4287 Ο
1326 4240 1390 4288 18
1429 4234 1795 4287 masinthiam
1826 4238 2016 4304 (mess-
2042 4237 2104 4306 O)
2127 4242 2184 4289 X
2320 4238 2581 4291 iuuenem
2609 4236 2854 4290 nobilem
2880 4239 2932 4291 G

627 4320 691 4367 19
733 4313 934 4367 obnixe
966 4315 1016 4367 G
1172 4321 1238 4366 20
1279 4314 1688 4382 stipendiarum
1716 4318 1787 4370 M
1798 4316 1886 4381 V1,
1926 4316 2106 4369 -dium
2142 4317 2187 4385 Q
2343 4324 2407 4369 22
2446 4318 2802 4387 praefectura
2836 4319 2932 4377 ἅς

627 4399 692 4445 26
725 4393 1100 4447 deuersoriolo
1126 4395 1378 4459 Casaub„
1418 4394 1736 4448 deuersorio
1767 4395 1889 4449 loco
1913 4399 1964 4448 ,Ω
1995 4396 2097 4465 (di-
2129 4399 2280 4450 codd.
2305 4406 2525 4465 praeter
2546 4400 2632 4464 M,
2670 4399 2729 4450 in
2760 4399 2843 4451 di·
2872 4403 2931 4463 Τ,

625 4474 848 4526 diuerso
878 4475 994 4544 N),
1049 4473 1423 4527 deuersoriolo
1463 4491 1527 4527 eo
1569 4477 1888 4530 Politiamts
1927 4477 2263 4547 (Heinsius),
2313 4479 2631 4532 deuersorio
2671 4479 2931 4532 cubiculo

632 4554 899 4608 Graevius
1046 4559 1110 4607 27
1154 4555 1210 4608 et
1249 4555 1347 4608 del.
1381 4557 1611 4624 Bentley
1759 4556 2085 4611 accubuerit
2123 4561 2169 4609 Τ
2203 4561 2285 4626 (in
2310 4560 2353 4628 Q
2384 4560 2662 4626 praecedit
2700 4559 2818 4628 diu)
