3325 5209
638 377 725 439 34
1337 373 1393 428 0.
1435 372 1751 427 61111οΝ1
1786 372 2231 438 TRANQVILLI

532 538 621 602 67
815 537 1068 604 Delicta
1123 559 1331 620 neque
1389 536 1778 602 obseruabat
1834 536 2050 600 omnia
2111 557 2318 619 neque
2374 558 2492 620 pro
2548 537 2740 600 modo
2797 559 2937 601 exe·-

639 644 983 729 quebatur‚
1048 643 1160 710 sed
1220 643 1623 708 desertorum
1690 664 1763 708 ac
1826 642 2277 708 seditiosorum
2343 647 2409 707 et
2465 642 2812 726 inquisitor
2872 647 2939 707 et

635 752 900 835 punitor
944 751 1289 815 acerrimus
1335 750 1677 815 coniuebat
1723 750 1790 813 in
1839 750 2083 815 ceteris.
2157 771 2231 813 ac
2266 771 2748 832 nonnumquam
2784 754 2940 833 post

635 880 936 944 magnam
982 878 1266 942 pugnam
1314 859 1506 940 atque
1552 857 1891 920 uictoriam
1947 856 2214 921 remisso
2262 855 2625 921 officiorum
2671 878 2935 921 munere

633 963 960 1029 licentiam
999 985 1253 1032 omnem
1291 964 1528 1047 passim
1560 962 1937 1028 lasciuiendi
1965 962 2400 1046 permittebat,
2436 963 2673 1027 iactare
2701 963 2934 1026 solitus

635 1071 930 1138 milites
985 1093 1162 1135 suos
1219 1071 1448 1136 etiam
1494 1073 2009 1153 unguentatos
2065 1069 2254 1134 bene
2300 1091 2643 1155 pugnare
2689 1090 2933 1152 posse.

565 1196 595 1241 2
633 1199 752 1242 nec
797 1178 1038 1243 milites
1095 1200 1204 1242 eos
1258 1198 1375 1261 pro
1435 1178 1761 1260 contione,
1821 1176 1933 1240 sed
1988 1175 2318 1240 blandiore
2364 1176 2625 1240 nomine
2673 1176 2934 1240 commi-

632 1286 869 1350 litones
916 1283 1284 1367 appellabat
1329 1282 1731 1365 habebatque
1779 1287 1911 1347 tam
1959 1282 2184 1367 0111106,
2230 1286 2305 1346 ut
2350 1287 2618 1368 argento
2666 1287 2731 1345 et
2775 1303 2935 1345 auro

636 1391 857 1474 politis
903 1391 1098 1455 armis
1146 1395 1429 1472 ornaret,
1485 1389 1680 1453 simul
1726 1395 1789 1453 et
1836 1390 1916 1452 ad
1963 1391 2240 1472 speciem
2298 1394 2359 1453 et
2404 1412 2531 1472 quo
2580 1388 2933 1453 tenaciores

634 1519 855 1562 eorum
902 1497 971 1560 in
1016 1498 1264 1580 proelio
1312 1501 1526 1560 essent
1563 1502 1741 1561 metu
1779 1496 2012 1561 damni.
2088 1496 2399 1582 diligebat
2437 1517 2692 1580 quoque
2728 1517 2932 1578 usque

635 1605 793 1667 adeo
803 1653 821 1686 ,
877 1608 951 1667 ut
997 1605 1215 1668 audita
1269 1603 1448 1668 clade
1494 1602 1830 1667 Tituriana
1884 1603 2150 1668 barbam
2196 1603 2627 1687 capillumque
2675 1604 2934 1674 summi·

531 1707 622 1772 68
636 1710 792 1774 serit
837 1731 956 1774 nec
1011 1714 1159 1776 ante
1217 1711 1564 1794 dempserit
1611 1733 1804 1793 quam
1852 1711 2255 1776 uindicasset.
2349 1710 2583 1795 quibus
2630 1708 2821 1774 rebus
2868 1714 2934 1773 et

639 1817 1092 1882 deuotissimos
1140 1817 1266 1881 sibi
1313 1821 1378 1880 et
1423 1815 1817 1882 fortissimos
1863 1818 2158 1882 reddidit.
2233 1820 2522 1903 ingresso
2570 1817 2757 1880 ciuile
2803 1815 2934 1879 bel-

634 1923 769 1987 lum
817 1923 1224 1990 centuriones
1280 1925 1587 2007 cuiusque
1645 1905 1919 2009 legionis
1975 1925 2265 2009 singulos
2318 1926 2565 2007 equites
2612 1946 2645 1986 6
2692 1924 2932 1987 uiatico

637 2052 751 2094 suo
809 2033 1206 2115 optulerunt,
1263 2032 1548 2098 uniuersi
1608 2031 1849 2095 milites
1905 2031 2255 2117 gratuitam
2314 2035 2378 2095 et
2424 2033 2559 2095 sine
2604 2031 2931 2094 frumento

638 2138 1086 2222 stipendioque
1135 2161 1422 2223 operam,
1468 2159 1613 2202 cum
1659 2139 2025 2202 tenuiorum
2067 2140 2335 2203 tutelam
2372 2138 2824 2221 locupletiores
2864 2138 2932 2200 in

636 2267 701 2308 se
749 2246 1189 2309 contulissent.
1274 2267 1481 2328 neque
1529 2245 1596 2308 in
1642 2249 1777 2308 tam
1825 2245 2129 2309 diuturno
2169 2246 2378 2329 spatio
2419 2246 2759 2328 quisquam
2798 2267 2932 2308 om-

633 2353 785 2415 nino
844 2351 1140 2435 desciuit,
1202 2351 1495 2436 plerique
1552 2352 1725 2435 capti
1780 2372 2146 2415 concessam
2203 2352 2329 2416 sibi
2383 2351 2501 2416 sub
2558 2350 2931 2414 condicione

564 2471 593 2517 2
634 2458 855 2540 uitam,
913 2458 964 2519 si
1025 2457 1302 2521 militare
1358 2457 1660 2521 aduersus
1708 2479 1852 2521 eum
1900 2458 2170 2541 uellent,
2220 2462 2610 2523 recusarunt.
2692 2456 2929 2521 famem

635 2569 699 2626 et
755 2568 994 2627 ceteras
1050 2565 1489 2646 necessitateS,
1547 2586 1679 2627 non
1743 2586 1887 2628 cum
1948 2567 2394 2630 obsiderentur
2447 2566 2637 2629 modo
2699 2565 2810 2629 sed
2868 2570 2932 2628 et

782 2743 808 2789 1
848 2740 1113 2809 Polyaen.
1158 2740 1316 2792 VIII
1343 2743 1444 2804 23,
1470 2743 1542 2793 21
1590 2738 1659 2793 τὰ
1699 2738 2067 2807 ἁμαρτήματα
2103 2748 2214 2794 τῶν
2253 2750 2599 2806 στρατιωτῶν
2639 2740 2704 2794 οὐ
2743 2738 2930 2794 πάντα

636 2818 1081 2887 παρεφύλασσεν,
1123 2815 1244 2873 ἀλλ’
1281 2820 1413 2873 οὐδὲ
1450 2819 1581 2882 τοὺς
1618 2818 2046 2887 ἁμαρτάνοντας
2082 2819 2224 2874 κατὰ
2260 2820 2361 2889 τὴν
2392 2819 2558 2885 ἀξίαν
2596 2820 2934 2888 ἐτιμωρεῖτο,

636 2897 738 2966 τὴν
778 2900 1105 2967 συγγνώμην
1143 2897 1411 2965 ἀνδρείας
1446 2899 1746 2967 ποιητικὴν
1782 2899 2102 2969 ἡγούμενος.
2180 2901 2228 2954 εἰ
2265 2899 2453 2968 μέντοι
2488 2921 2573 2962 τις
2608 2897 2931 2956 ἐστασίασεν

634 2976 667 3046 ἢ
697 2978 800 3046 τὴν
828 2979 986 3043 τάξιν
1018 2980 1220 3046 ἔλιπεν,
1242 2981 1344 3032 οὐκ
1374 2978 1445 3035 ἂν
1473 2989 1673 3033 τοῦτον
1703 2981 2049 3048 ἀτιμώρητον
2070 2989 2339 3048 παρῆκεν.
2488 2987 2649 3048 7sqq.
2680 2982 2753 3033 id.
2778 2982 2936 3033 VIII

630 3064 723 3125 23,
737 3063 813 3113 20
848 3068 965 3121 τοῖς
1002 3061 1360 3126 στρατιώταις
1396 3059 1772 3129 παρήγγελλεν
1802 3058 1943 3114 ’ὅπλα
1974 3061 2119 3131 ἔχειν
2146 3059 2371 3133 ἀργύρῳ
2397 3063 2494 3115 καὶ
2522 3064 2704 3132 χρυσῷ
2731 3079 2934 3115 πεποι-

632 3139 878 3209 κιλμένα,
916 3139 1150 3209 μάλιστα
1188 3141 1289 3208 μὲν
1327 3137 1534 3208 κόσμου
1574 3140 1759 3211 χάριν,
1798 3142 1898 3211 οὐχ
1938 3138 2135 3209 ἥκιστα
2167 3140 2334 3213 <δὲ>,
2376 3139 2525 3202 ὅπως
2551 3141 2647 3194 καὶ
2676 3139 2730 3194 οἱ
2767 3158 2933 3208 στρα-

634 3229 828 3274 τιῶται
863 3221 932 3274 τὰ
970 3221 1245 3288 πολύτιμα
1284 3219 1631 3290 περιμάχητα
1672 3220 1914 3288 ἡγοῖντο.
2002 3222 2157 3272 VIII
2185 3226 2285 3286 23,
2312 3226 2389 3274 22
2424 3222 2555 3281 τοὺς
2593 3222 2933 3288 στρατιώτας

635 3300 818 3354 ἐκάλει
856 3302 1267 3367 συστρατιώτας
1311 3305 1385 3370 τῷ
1435 3299 1661 3372 ἰσοτίμῳ
1701 3308 1799 3353 τοῦ
1851 3297 2124 3368 ὀνόματος
2159 3301 2620 3369 προθυμοτέρους
2656 3309 2835 3354 ποιῶν
2875 3301 2936 3364 ἐς

633 3379 731 3440 τὰς
769 3379 961 3449 μάχας.
1039 3381 1192 3448 Epz't.
1226 3385 1276 3445 1,
1301 3384 1366 3432 14
1402 3379 1612 3433 milites
1653 3380 2060 3433 commilitones
2098 3397 2243 3434 nouo
2281 3381 2603 3449 blandoque
2640 3397 2794 3434 more
2832 3397 2935 3449 ap-

632 3458 866 3527 pellans,
1017 3465 1078 3511 11
1094 3478 1214 3527 sqq.
1255 3461 1519 3529 Polyaen.
1563 3461 1722 3512 VIII
1749 3464 1841 3525 23,
1868 3464 1942 3512 23
1988 3460 2317 3528 πυθόμενος
2363 3461 2422 3515 ἐν
2464 3459 2711 3534 Γαλατίᾳ
2756 3482 2930 3515 κατα-

632 3547 875 3606 κοπῆναι
916 3539 1209 3606 φάλαγγας
1256 3548 1602 3605 στρατιωτῶν
1642 3539 1819 3607 ὤμοσε
1866 3540 1937 3607 μὴ
1985 3539 2260 3607 πρότερον
2300 3539 2455 3613 (ἂν)
2494 3539 2931 3609 ἀποκείρασθαι,

632 3619 764 3683 πρὶν
814 3618 1126 3680 ἐπεξελθὼν
1173 3626 1479 3686 τιμωρῆσαι
1530 3627 1647 3680 τοῖς
1698 3618 2084 3690 ἀνῃρημένοις.
2160 3621 2335 3692 τούτῳ
2386 3620 2645 3689 πλείστην
2698 3622 2933 3676 εὔνοιαν

633 3700 781 3769 αὐτῷ
828 3697 984 3763 παρὰ
1040 3699 1268 3751 πάντων
1318 3698 1686 3752 ἐπεσπάσατο.
1883 3707 2080 3768 lsssqq.
2129 3702 2205 3754 id.
2248 3703 2404 3754 VIII
2433 3706 2533 3766 23,
2561 3706 2634 3755 24
2683 3702 2743 3756 ἐν
2790 3705 2927 3773 λιμῷ

632 3787 748 3837 τοῖς
800 3780 1158 3843 στρατιώταις
1208 3780 1413 3847 ἄρτους
1463 3781 1696 3835 διέδωκε
1749 3779 2024 3841 σκευάσας
2077 3781 2135 3834 ἐκ
2188 3781 2442 3851 βοτάνης.
2519 3782 2815 3852 Πομπήϊος
2864 3783 2929 3837 δὲ

631 3861 884 3927 πολεμῶν
931 3859 1070 3925 πρὸς
1117 3860 1289 3913 αὐτὸν
1339 3859 1436 3914 ἕνα
1485 3861 1656 3929 ἄρτον
1703 3862 2153 3932 προσενεχθέντα
2199 3871 2454 3915 τοιοῦτον
2495 3862 2821 3930 ἀπέκρυψεν
2859 3864 2932 3916 οὐ

633 3938 968 4007 βουλόμενος
1003 3948 1121 3999 τοῖς
1170 3940 1370 3994 ἑαυτοῦ
1411 3943 1771 4008 στρατιώταις
1809 3943 2083 4006 ἐπιδεῖξαι
2129 3942 2231 4009 τὴν
2268 3951 2377 3996 τῶν
2415 3941 2691 4011 πολεμίων
2730 3942 2927 4013 ἐγκρά-

630 4037 801 4071 τειαν.
879 4019 1049 4073 Schol.
1074 4021 1290 4074 Lucan.
1326 4022 1411 4073 VI
1435 4025 1541 4074 112
1564 4023 1644 4075 W.
1679 4021 1869 4074 Celsus
1902 4024 1957 4088 (i.
1992 4023 2140 4076 CaeS.
2163 4024 2209 4075 b.
2235 4038 2276 4075 c.
2300 4024 2411 4075 III
2422 4025 2512 4088 47)
2544 4026 2600 4075 et
2631 4023 2930 4077 Suetonius

633 4097 772 4150 dicit
810 4100 961 4166 quod
990 4099 1193 4152 Caesar
1222 4099 1423 4152 habuit
1460 4100 1600 4153 fidos
1630 4101 1841 4154 milites
1873 4105 1928 4153 et
1957 4101 2397 4170 patientissimos
2432 4103 2927 4157 incommodorum.

775 4264 805 4310 3
844 4259 1072 4326 punitor
1109 4278 1244 4314 corr.
1276 4278 1343 4314 ex
1379 4261 1639 4328 poenitor
1673 4264 1746 4315 M
1770 4265 1855 4330 (m.
1882 4265 1961 4329 1),
1998 4261 2256 4329 poenitor
2285 4262 2347 4327 V,
2394 4262 2618 4332 penitor
2642 4265 2689 4316 G
2836 4280 2925 4316 co-

630 4337 864 4391 niuebat
900 4341 959 4391 H
968 4340 1046 4404 R,
1087 4340 1387 4392 conibebat
1420 4343 1491 4394 ΙΙΙ
1502 4342 1570 4406 V,
1619 4341 1923 4394 cohibebat
1957 4341 2135 4409 GQX
2139 4343 2206 4394 N
2209 4344 2244 4394 δ
2387 4349 2421 4395 4
2458 4359 2710 4411 pugnam
2747 4360 2845 4397 om.
2883 4346 2938 4397 V

631 4425 661 4470 9
701 4417 819 4470 litis
848 4419 1078 4486 Bentley
1226 4425 1290 4472 12
1331 4421 1388 4472 et
1425 4428 1543 4487 post
1578 4421 1925 4474 uindicasset
1962 4422 2089 4475 add.
2126 4423 2200 4475 M
2241 4459 2244 4463 »
2342 4428 2404 4474 15
2446 4425 2502 4475 et
2540 4422 2638 4477 del.
2679 4426 2768 4477 uel
2792 4425 2930 4478 scri-

630 4498 856 4550 bendum
898 4498 958 4551 id
997 4502 1082 4550 est
1119 4506 1290 4553 censet
1332 4500 1696 4554 O.G.I‡Ie'iller

2963 1523 3027 1561 10

2964 2056 3020 2095 15

2963 2590 3021 2629 20
