3325 5209
599 379 729 443 206
1299 380 1355 434 G.
1398 379 1711 434 SVETONI
1748 380 2193 445 TRANQVILLI

598 543 812 607 studio
854 543 1220 607 sciscitandi
1260 543 1553 627 quisnam
1592 549 1776 628 esset,
1814 545 2267 630 ad[co]gnouit
2304 549 2786 629 extractumque
2831 550 2895 609 et

597 671 750 733 prae
807 654 982 714 metu
1038 651 1119 713 ad
1167 672 1375 735 genua
1429 650 1556 714 sibi
1611 651 2006 715 adcidentem
2066 653 2518 734 imperatorem
2567 653 2892 716 salutauit.

595 755 747 820 hinc
802 757 877 819 ad
937 756 1097 820 alios
1154 757 1623 821 commilitones
1682 758 2052 821 fluctuantis
2107 779 2224 821 nec
2282 758 2624 840 quicquam
2685 760 2896 824 adhuc

598 885 789 945 quam
837 863 1169 927 frementis
1215 864 1531 947 perduxit.
1617 865 1697 927 ab
1745 863 1846 927 his
1896 865 2155 928 lecticae
2205 866 2544 948 impositus
2594 870 2683 947 et,
2741 867 2893 948 quia

595 970 691 1032 sui
740 971 1155 1056 diffugerant,
1213 971 1499 1034 uicissim
1557 971 2058 1035 succollantibus
2116 973 2184 1034 in
2239 976 2446 1035 castra
2493 971 2737 1035 delatus
2796 976 2893 1036 est
2947 996 2971 1036 5

594 1076 801 1140 tristis
858 1100 933 1141 ac
988 1078 1304 1162 trepidus,
1362 1077 1705 1141 miserante
1762 1078 1957 1142 obuia
2012 1078 2202 1141 turba
2251 1079 2431 1161 quasi
2490 1078 2570 1141 ad
2615 1100 2889 1162 poenam

527 1197 556 1242 3
596 1188 929 1267 raperetur
974 1184 1210 1248 insons,
1293 1189 1586 1267 receptus
1644 1185 1815 1248 intra
1870 1185 2111 1248 uallum
2161 1185 2329 1249 inter
2373 1185 2676 1250 excubias
2725 1186 2889 1249 mili-

594 1294 731 1353 tum
787 1291 1219 1374 pernoctauit,
1284 1292 1612 1374 aliquanto
1672 1292 1919 1355 minore
1978 1315 2089 1375 spe
2156 1315 2347 1376 quam
2408 1292 2657 1356 fiducia.
2740 1315 2887 1356 nam

594 1398 887 1462 consules
934 1420 1079 1460 cum
1128 1401 1354 1462 senatu
1400 1402 1464 1461 et
1501 1397 1876 1461 cohortibus
1914 1399 2177 1462 urbanis
2217 1400 2431 1462 forum
2469 1396 2887 1482 Capitolium-

594 1526 716 1586 que
764 1508 1238 1587 occupauerant
1286 1505 1590 1568 asserturi
1634 1526 2038 1569 communem
2077 1506 2471 1588 libertatem3
2517 1506 2886 1589 accitusque
2916 1529 2966 1567 ιο

592 1615 655 1673 et
703 1611 841 1693 ipse
888 1632 1006 1694 per
1043 1615 1120 1674 tr.
1162 1612 1249 1695 pl.
1288 1613 1354 1674 in
1393 1612 1634 1676 curiam
1677 1612 1755 1675 ad
1795 1611 2116 1676 suadenda
2164 1635 2324 1696 quae
2371 1613 2758 1696 uiderentur,
2809 1613 2886 1674 ui

520 1730 553 1775 4
592 1739 666 1781 se
714 1720 788 1780 et
832 1718 1303 1782 necessitate
1358 1720 1605 1782 teneri
1653 1719 2002 1802 respondit.
2087 1740 2308 1782 uerum
2357 1722 2613 1802 postero
2674 1718 2774 1781 die
2822 1722 2887 1781 et

592 1827 812 1887 senatu
864 1825 1153 1910 segniore
1212 1823 1277 1887 in
1326 1826 1711 1908 exequendis
1760 1825 2097 1889 conatibus
2143 1848 2261 1908 per
2315 1826 2594 1889 taedium
2642 1846 2715 1888 ac
2763 1824 2884 1889 djs-

589 1930 952 1994 sensionem
1016 1930 1268 1996 diuersa
1322 1932 1721 1996 censentium
1779 1937 1842 1995 et
1898 1931 2338 2015 multitudine,
2398 1954 2558 2014 quae
2617 1931 2883 1995 circum-

591 2037 830 2120 stabat,
886 2058 1083 2100 unum
1142 2042 1457 2102 rectorem
1505 2039 1632 2101 iam
1682 2044 1745 2102 et
1792 2040 2174 2102 nominatim
2224 2033 2628 2122 exposcente,
2682 2062 2882 2102 arma·
2913 2060 2962 2100 15

590 2149 688 2208 tos
736 2166 856 2227 pro
904 2145 1203 2209 contione
1248 2145 1457 2208 iurare
1515 2146 1583 2209 in
1628 2167 1863 2210 nomen
1913 2168 2095 2209 suum
2145 2167 2372 2229 passus
2421 2149 2516 2208 est
2561 2145 2882 2228 promisit-

588 2273 709 2334 que
772 2252 1042 2337 singulis
1107 2252 1303 2335 quina
1365 2252 1525 2315 dena
1592 2254 1911 2335 sestertia,
1976 2254 2223 2336 primus
2287 2250 2626 2315 Caesarum
2687 2252 2878 2314 fidem
2976 2326 2979 2329 ¹

586 2358 811 2421 militis
861 2359 1055 2422 etiam
1102 2359 1390 2442 praemio
1436 2360 1829 2443 pigneratus

480 2464 560 2530 ll
763 2463 1044 2548 Imperio
1094 2467 1382 2529 stabilito
1429 2465 1593 2528 nihil
1642 2467 1969 2549 antiquius
2020 2466 2202 2528 duxit
2243 2488 2434 2548 quam
2482 2467 2545 2529 id
2593 2466 2878 2549 biduum,

586 2592 712 2652 quo
762 2571 838 2634 de
885 2572 1192 2635 mutando
1239 2573 1333 2635 rei
1378 2595 1438 2655 p.
1489 2577 1661 2636 statu
1707 2574 2094 2636 haesitatum
2144 2577 2305 2654 erat,
2361 2573 2704 2636 memoriae
2751 2573 2877 2635 exi·
2907 2594 2958 2632 20

583 2699 769 2741 mere.
866 2679 1152 2742 omnium
1212 2679 1428 2761 itaque
1483 2680 1804 2743 factorum
1863 2680 2310 2761 dictorumque
2367 2679 2431 2740 in
2490 2701 2564 2743 eo
2621 2679 2875 2742 ueniam

584 2788 646 2846 et
712 2784 1104 2848 obliuionem
1181 2786 1247 2847 in
1312 2789 1696 2868 perpetuum
1762 2786 1973 2850 sanxit
2038 2807 2108 2847 ac
2173 2785 2524 2869 praestitit,
2597 2786 2875 2849 tribunis

582 2890 773 2953 modo
822 2912 895 2953 ac
942 2891 1421 2955 centurionibus
1476 2892 1698 2974 paucis
1747 2914 1780 2953 e
1828 2892 2307 2954 coniuratorum
2364 2892 2431 2954 in
2487 2891 2715 2955 Gaium
2763 2914 2873 2954 nu-

725 3035 891 3098 8sqq.
935 3031 1120 3084 Victor
1152 3032 1298 3085 Caes.
1322 3035 1372 3097 3,
1396 3036 1466 3084 18
1485 3048 1561 3099 sq.
1594 3030 1745 3098 quod
1773 3029 1871 3083 ubi
1902 3033 2090 3098 patres
2132 3048 2413 3100 accepere,
2452 3032 2688 3084 mittunt
2716 3030 2871 3082 ocius

582 3110 629 3161 si
668 3108 924 3162 ualerent
962 3126 1159 3162 ausum
1208 3111 1588 3179 comprimere.
1678 3110 1774 3163 sed
1814 3113 2114 3178 postquam
2149 3111 2326 3163 uariis
2372 3112 2682 3178 taetrisque
2726 3109 2872 3162 sedi-

580 3189 828 3242 tionibus
883 3189 1085 3243 ciuitas
1134 3191 1433 3258 cunctique
1480 3191 1704 3244 ordines
1746 3190 2169 3258 lacerabantur,
2217 3193 2492 3260 tanquam
2531 3207 2597 3243 ex
2634 3189 2870 3258 imperio

582 3285 772 3322 omnes
826 3270 1030 3322 dedere
1092 3286 1165 3324 se.
1253 3272 1399 3325 Oros.
1435 3272 1549 3324 VII
1581 3275 1781 3338 6‚3sq.
1832 3288 1957 3324 cum
2016 3271 2315 3324 interfecto
2369 3270 2629 3341 Caligula
2688 3269 2870 3322 multa

582 3350 650 3401 de
689 3350 1015 3417 abrogando
1053 3350 1290 3418 imperio
1330 3367 1395 3403 ac
1434 3367 1493 3403 re
1530 3350 1759 3419 publica
1796 3350 1855 3402 in
1895 3351 2191 3417 antiquum
2230 3351 2482 3404 ordinem
2518 3351 2870 3404 restituenda

579 3430 997 3497 euerrendaque
1042 3430 1267 3497 penitus
1316 3429 1617 3483 Caesarum
1663 3431 1928 3483 uniuersa
1974 3430 2195 3483 familia
2242 3433 2469 3484 senatus
2520 3433 2577 3483 et
2615 3429 2868 3483 consules

580 3510 975 3574 decreuissent,
1017 3508 1283 3562 Claudius
1320 3527 1449 3562 mox
1477 3512 1541 3562 ut
1580 3511 1933 3563 confirmauit
1969 3511 2286 3580 imperium,
2323 3527 2532 3580 magna
2561 3514 2731 3579 atque
2770 3510 2869 3561 ad-

576 3590 687 3641 huc
715 3589 927 3641 Romae
965 3589 1255 3657 incognita
1292 3607 1425 3642 usus
1464 3589 1790 3657 clementia,
1830 3607 1901 3643 ne
1938 3591 1998 3642 in
2034 3593 2256 3644 tantam
2301 3591 2577 3644 nobilium
2613 3589 2867 3642 multitu-

578 3669 767 3721 dinem
803 3668 972 3731 ultio,
1012 3670 1058 3721 si
1099 3673 1245 3722 esset
1283 3673 1506 3738 coepta,
1546 3670 1816 3735 saeuiret,
1856 3672 1909 3738 (l.
1942 3673 2030 3739 19)
2058 3671 2294 3723 biduum
2331 3671 2500 3738 illud,
2530 3687 2639 3737 quo
2680 3670 2749 3722 de
2786 3670 2867 3721 rei

574 3748 838 3817 publicae
868 3751 1020 3801 statu
1049 3748 1352 3803 infeliciter
1372 3750 1750 3803 consultatum
1779 3753 2080 3819 actumque
2101 3751 2301 3816 fuerat,
2331 3752 2633 3804 memoriae
2662 3750 2869 3802 exemit

575 3828 932 3896 omniumque
961 3828 1239 3882 factorum
1260 3829 1605 3883 dictorumue
1644 3831 1702 3882 in
1743 3846 1806 3883 eo
1846 3831 2071 3884 ueniam
2101 3834 2158 3884 et
2195 3831 2536 3884 obliuionem
2572 3832 2631 3883 in
2669 3846 2866 3899 perpe—

572 3912 734 3962 tuum
772 3909 971 3962 sanxit.

718 4031 744 4077 1
779 4025 1121 4095 adcognouit
1151 4028 1295 4093 (acc-
1318 4024 1527 4093 GH2R)
1550 4028 1618 4092 Ω,
1657 4026 1894 4094 agnouit
1921 4029 2007 4085 Τς
2037 4028 2126 4095 (cf.
2156 4029 2304 4096 Auy.
2328 4030 2435 4095 65),
2471 4027 2607 4079 delet
2630 4027 2865 4097 Madvig]

573 4108 748 4176 legens
785 4109 1097 4160 extractum
1135 4107 1191 4158 et
1335 4107 1412 4176 et]
1455 4121 1519 4157 ac
1553 4106 1602 4157 G
1751 4111 1812 4158 11
1855 4106 1914 4158 in
1961 4107 2174 4160 curiam
2212 4125 2310 4161 om.
2339 4107 2389 4160 G
2538 4112 2601 4158 12
2639 4109 2863 4174 postero

571 4203 704 4238 uero
745 4186 837 4238 die
876 4189 1076 4239 senatu
1113 4189 1159 4237 Y
1336 4190 1401 4236 13
1442 4185 1788 4239 dissensione
1822 4187 1873 4240 G
2056 4192 2118 4239 15
2160 4204 2287 4240 eum
2324 4189 2589 4255 poscente
2630 4187 2860 4241 Oasaub.

573 4268 817 4318 armatos
847 4266 969 4334 HQ,
1011 4268 1259 4319 armatus
1288 4267 1379 4318 rel.
1413 4268 1528 4334 (Ω),
1566 4267 1646 4319 sic
1674 4272 1724 4318 et
1752 4272 1864 4319 tum
1893 4267 2065 4319 iurari
2095 4269 2327 4336 Bentley
2474 4272 2538 4319 17
2578 4267 2863 4334 quindena

576 4345 736 4410 GST,
773 4364 844 4396 xx
875 4348 1105 4400 Ernesti
1259 4350 1323 4398 18
1360 4345 1571 4398 milites
1613 4346 1855 4412 MGRB,
1902 4346 2093 4399 multis
2128 4350 2195 4413 11,
2233 4347 2327 4400 uel
2363 4346 2536 4399 militi
2582 4346 2782 4399 militis
2820 4347 2868 4399 T

571 4431 638 4477 20
669 4427 791 4477 erat
828 4443 927 4479 om.
963 4426 1014 4479 G
1203 4431 1267 4477 21
1310 4426 1658 4479 dictorumue
1694 4427 1743 4479 G
1783 4427 1996 4495 (Oros),
2034 4429 2102 4493 cf.
2125 4445 2185 4496 p.
2214 4431 2345 4493 208,
2382 4431 2452 4480 21
2657 4432 2722 4479 23
2771 4427 2860 4497 ac]

572 4521 604 4556 a
635 4507 785 4558 Μδε
932 4522 961 4557 e
1000 4523 1098 4559 om.
1141 4507 1335 4571 MGX,
1372 4507 1497 4572 fort.
1529 4522 1595 4558 ex
