<?xml version="1.0" encoding="UTF-8"?>
<!DOCTYPE html PUBLIC "-//W3C//DTD XHTML 1.0 Transitional//EN"
    "http://www.w3.org/TR/xhtml1/DTD/xhtml1-transitional.dtd">
<html xmlns="http://www.w3.org/1999/xhtml" xml:lang="en" lang="en">
 <head>
  <title>
</title>
<meta http-equiv="Content-Type" content="text/html;charset=utf-8" />
  <meta name='ocr-system' content='tesseract 3.04.00' />
  <meta name='ocr-capabilities' content='ocr_page ocr_carea ocr_par ocr_line ocrx_word'/>
</head>
<body>
  <div class='ocr_page' id='page_1' title='image "./csvetonitranqui00unkngoog_0361.png"; bbox 0 0 3325 5209; ppageno 0'>
   <div class='ocr_carea' id='block_1_1' title="bbox 1257 417 2718 484">
    <p class='ocr_par' dir='ltr' id='par_1_1' title="bbox 1257 417 2718 484">
     <span class='ocr_line' id='line_1_1' title="bbox 1257 417 2718 484; baseline 0.01 -13"><span class='ocrx_word' id='word_1_1' title='bbox 1257 417 1505 473; x_wconf 83' lang='lat' dir='ltr'><strong>GALBA</strong></span> <span class='ocrx_word' id='word_1_2' title='bbox 1543 430 1677 480; x_wconf 67' lang='lat' dir='ltr'><strong>[cn.</strong></span> <span class='ocrx_word' id='word_1_3' title='bbox 1709 431 1883 480; x_wconf 81' lang='lat'>18-20]</span> <span class='ocrx_word' id='word_1_4' title='bbox 2589 421 2718 484; x_wconf 83' lang='grc'><strong>283</strong></span> 
     </span>
    </p>
   </div>
   <div class='ocr_carea' id='block_1_2' title="bbox 335 569 2827 2588">
    <p class='ocr_par' dir='ltr' id='par_1_2' title="bbox 418 569 2827 988">
     <span class='ocr_line' id='line_1_2' title="bbox 503 569 2827 667; baseline 0.003 -22"><span class='ocrx_word' id='word_1_5' title='bbox 503 569 508 575; x_wconf 54' lang='grc'><em>’</em></span> <span class='ocrx_word' id='word_1_6' title='bbox 601 580 767 646; x_wconf 85' lang='lat' dir='ltr'><strong>Sunt</strong></span> <span class='ocrx_word' id='word_1_7' title='bbox 787 583 917 665; x_wconf 76' lang='lat' dir='ltr'><strong>‘qui</strong></span> <span class='ocrx_word' id='word_1_8' title='bbox 953 582 1226 662; x_wconf 85' lang='lat' dir='ltr'><strong>tradant,</strong></span> <span class='ocrx_word' id='word_1_9' title='bbox 1266 582 1346 645; x_wconf 88' lang='lat' dir='ltr'><strong>ad</strong></span> <span class='ocrx_word' id='word_1_10' title='bbox 1376 583 1657 665; x_wconf 90' lang='lat' dir='ltr'><strong>primum</strong></span> <span class='ocrx_word' id='word_1_11' title='bbox 1696 581 2049 647; x_wconf 91' lang='lat' dir='ltr'><strong>tumultum</strong></span> <span class='ocrx_word' id='word_1_12' title='bbox 2083 583 2512 667; x_wconf 79' lang='lat' dir='ltr'><strong>proclamasse</strong></span> <span class='ocrx_word' id='word_1_13' title='bbox 2549 605 2720 648; x_wconf 84' lang='lat' dir='ltr'><strong>eum:</strong></span> <span class='ocrx_word' id='word_1_14' title='bbox 2738 587 2827 653; x_wconf 74' lang='lat'><strong>20</strong></span> 
     </span>
     <span class='ocr_line' id='line_1_3' title="bbox 420 688 2720 775; baseline 0 -23"><span class='ocrx_word' id='word_1_15' title='bbox 420 688 601 772; x_wconf 88' lang='lat' dir='ltr'><strong>quid</strong></span> <span class='ocrx_word' id='word_1_16' title='bbox 639 688 880 775; x_wconf 82' lang='lat' dir='ltr'><strong>agitis</strong></span> <span class='ocrx_word' id='word_1_17' title='bbox 920 689 1536 753; x_wconf 76' lang='lat' dir='ltr'><strong>commilitones?</strong></span> <span class='ocrx_word' id='word_1_18' title='bbox 1610 711 1751 775; x_wconf 82' lang='lat' dir='ltr'><strong>ego</strong></span> <span class='ocrx_word' id='word_1_19' title='bbox 1789 692 2049 753; x_wconf 88' lang='lat' dir='ltr'><strong>uester</strong></span> <span class='ocrx_word' id='word_1_20' title='bbox 2085 711 2244 753; x_wconf 87' lang='lat' dir='ltr'><strong>sum</strong></span> <span class='ocrx_word' id='word_1_21' title='bbox 2274 692 2348 752; x_wconf 89' lang='lat' dir='ltr'><strong>et</strong></span> <span class='ocrx_word' id='word_1_22' title='bbox 2383 710 2519 753; x_wconf 93' lang='lat' dir='ltr'><strong>uos</strong></span> <span class='ocrx_word' id='word_1_23' title='bbox 2548 689 2720 772; x_wconf 87' lang='lat' dir='ltr'><strong>mei,</strong></span> 
     </span>
     <span class='ocr_line' id='line_1_4' title="bbox 419 794 2719 879; baseline 0.001 -22"><span class='ocrx_word' id='word_1_24' title='bbox 419 794 800 859; x_wconf 86' lang='lat' dir='ltr'><strong>donatiuum</strong></span> <span class='ocrx_word' id='word_1_25' title='bbox 828 796 1019 860; x_wconf 87' lang='lat' dir='ltr'><strong>etiam</strong></span> <span class='ocrx_word' id='word_1_26' title='bbox 1051 796 1430 878; x_wconf 88' lang='lat' dir='ltr'><strong>pollicitum.</strong></span> <span class='ocrx_word' id='word_1_27' title='bbox 1479 794 1698 879; x_wconf 88' lang='lat' dir='ltr'><strong>plures</strong></span> <span class='ocrx_word' id='word_1_28' title='bbox 1728 800 1943 859; x_wconf 89' lang='lat' dir='ltr'><strong>autem</strong></span> <span class='ocrx_word' id='word_1_29' title='bbox 1971 795 2391 879; x_wconf 89' lang='lat' dir='ltr'><strong>prodiderunt</strong></span> <span class='ocrx_word' id='word_1_30' title='bbox 2409 795 2719 879; x_wconf 73' lang='lat' dir='ltr'><strong>optulisse</strong></span> 
     </span>
     <span class='ocr_line' id='line_1_5' title="bbox 418 901 2720 988; baseline 0.001 -24"><span class='ocrx_word' id='word_1_31' title='bbox 418 903 589 966; x_wconf 88' lang='lat' dir='ltr'><strong>ultro</strong></span> <span class='ocrx_word' id='word_1_32' title='bbox 628 901 924 988; x_wconf 83' lang='lat' dir='ltr'><strong>iugulum</strong></span> <span class='ocrx_word' id='word_1_33' title='bbox 973 905 1038 966; x_wconf 91' lang='lat' dir='ltr'><strong>et</strong></span> <span class='ocrx_word' id='word_1_34' title='bbox 1083 907 1167 966; x_wconf 86' lang='lat' dir='ltr'><strong>ut</strong></span> <span class='ocrx_word' id='word_1_35' title='bbox 1202 902 1344 965; x_wconf 90' lang='lat' dir='ltr'><strong>hoc</strong></span> <span class='ocrx_word' id='word_1_36' title='bbox 1381 906 1703 988; x_wconf 78' lang='lat' dir='ltr'>agerent</span> <span class='ocrx_word' id='word_1_37' title='bbox 1740 923 1821 966; x_wconf 94' lang='lat' dir='ltr'><strong>ac</strong></span> <span class='ocrx_word' id='word_1_38' title='bbox 1863 901 2217 985; x_wconf 86' lang='lat' dir='ltr'><strong>ferirent,</strong></span> <span class='ocrx_word' id='word_1_39' title='bbox 2263 901 2563 986; x_wconf 90' lang='lat' dir='ltr'><strong>quando</strong></span> <span class='ocrx_word' id='word_1_40' title='bbox 2611 903 2720 966; x_wconf 90' lang='lat' dir='ltr'><strong>ita</strong></span> 
     </span>
    </p>

    <p class='ocr_par' dir='ltr' id='par_1_3' title="bbox 365 1007 2720 1520">
     <span class='ocr_line' id='line_1_6' title="bbox 365 1007 2720 1092; baseline -0.001 -18"><span class='ocrx_word' id='word_1_41' title='bbox 365 1034 390 1074; x_wconf 77' lang='lat'><strong>5</strong></span> <span class='ocrx_word' id='word_1_42' title='bbox 421 1008 844 1092; x_wconf 86' lang='lat' dir='ltr'><strong>uideretur,</strong></span> <span class='ocrx_word' id='word_1_43' title='bbox 907 1008 1252 1073; x_wconf 85' lang='lat' dir='ltr'><strong>hortatum.</strong></span> <span class='ocrx_word' id='word_1_44' title='bbox 1356 1007 1520 1072; x_wconf 91' lang='lat' dir='ltr'><strong>illud</strong></span> <span class='ocrx_word' id='word_1_45' title='bbox 1578 1010 1815 1073; x_wconf 90' lang='lat' dir='ltr'><strong>mirum</strong></span> <span class='ocrx_word' id='word_1_46' title='bbox 1862 1008 2206 1073; x_wconf 90' lang='lat' dir='ltr'><strong>admodum</strong></span> <span class='ocrx_word' id='word_1_47' title='bbox 2260 1008 2456 1073; x_wconf 87' lang='lat' dir='ltr'><strong>fuerit</strong></span> <span class='ocrx_word' id='word_1_48' title='bbox 2510 1030 2720 1092; x_wconf 88' lang='lat' dir='ltr'><strong>neque</strong></span> 
     </span>
     <span class='ocr_line' id='line_1_7' title="bbox 414 1115 2719 1200; baseline 0 -22"><span class='ocrx_word' id='word_1_49' title='bbox 414 1115 845 1197; x_wconf 89' lang='lat' dir='ltr'><strong>praesentium</strong></span> <span class='ocrx_word' id='word_1_50' title='bbox 911 1136 1303 1198; x_wconf 84' lang='lat' dir='ltr'><strong>quemquam</strong></span> <span class='ocrx_word' id='word_1_51' title='bbox 1365 1137 1551 1199; x_wconf 91' lang='lat' dir='ltr'><strong>opem</strong></span> <span class='ocrx_word' id='word_1_52' title='bbox 1615 1116 1991 1200; x_wconf 89' lang='lat' dir='ltr'><strong>imperatori</strong></span> <span class='ocrx_word' id='word_1_53' title='bbox 2060 1116 2226 1180; x_wconf 87' lang='lat' dir='ltr'><strong>ferre</strong></span> <span class='ocrx_word' id='word_1_54' title='bbox 2292 1118 2594 1180; x_wconf 91' lang='lat' dir='ltr'><strong>conatum</strong></span> <span class='ocrx_word' id='word_1_55' title='bbox 2654 1121 2719 1180; x_wconf 86' lang='lat' dir='ltr'><strong>et</strong></span> 
     </span>
     <span class='ocr_line' id='line_1_8' title="bbox 417 1220 2717 1306; baseline 0.001 -22"><span class='ocrx_word' id='word_1_56' title='bbox 417 1242 636 1285; x_wconf 91' lang='lat' dir='ltr'><strong>omnes</strong></span> <span class='ocrx_word' id='word_1_57' title='bbox 687 1222 799 1305; x_wconf 93' lang='lat' dir='ltr'><strong>qui</strong></span> <span class='ocrx_word' id='word_1_58' title='bbox 846 1225 1316 1286; x_wconf 78' lang='lat' dir='ltr'><strong>arcesserentur</strong></span> <span class='ocrx_word' id='word_1_59' title='bbox 1363 1223 1682 1305; x_wconf 85' lang='lat' dir='ltr'><strong>spreuisse</strong></span> <span class='ocrx_word' id='word_1_60' title='bbox 1730 1224 2027 1286; x_wconf 89' lang='lat' dir='ltr'><strong>nuntium</strong></span> <span class='ocrx_word' id='word_1_61' title='bbox 2079 1225 2347 1306; x_wconf 83' lang='lat' dir='ltr'><strong>excepta</strong></span> <span class='ocrx_word' id='word_1_62' title='bbox 2394 1220 2717 1287; x_wconf 87' lang='lat' dir='ltr'><strong>Germani·</strong></span> 
     </span>
     <span class='ocr_line' id='line_1_9' title="bbox 418 1327 2717 1415; baseline 0.001 -25"><span class='ocrx_word' id='word_1_63' title='bbox 418 1328 828 1411; x_wconf 88' lang='lat' dir='ltr'><strong>ci&lt;an&gt;orum</strong></span> <span class='ocrx_word' id='word_1_64' title='bbox 860 1327 1290 1393; x_wconf 74' lang='lat' dir='ltr'><strong>uexillatione,</strong></span> <span class='ocrx_word' id='word_1_65' title='bbox 1358 1329 1405 1392; x_wconf 91' lang='lat' dir='ltr'><strong>ii</strong></span> <span class='ocrx_word' id='word_1_66' title='bbox 1446 1328 1528 1392; x_wconf 93' lang='lat' dir='ltr'><strong>ob</strong></span> <span class='ocrx_word' id='word_1_67' title='bbox 1568 1350 1790 1394; x_wconf 87' lang='lat' dir='ltr'><strong>recens</strong></span> <span class='ocrx_word' id='word_1_68' title='bbox 1827 1329 2147 1411; x_wconf 88' lang='lat' dir='ltr'><strong>meritum,</strong></span> <span class='ocrx_word' id='word_1_69' title='bbox 2186 1329 2359 1412; x_wconf 89' lang='lat' dir='ltr'><strong>quod</strong></span> <span class='ocrx_word' id='word_1_70' title='bbox 2396 1350 2462 1392; x_wconf 88' lang='lat' dir='ltr'><strong>se</strong></span> <span class='ocrx_word' id='word_1_71' title='bbox 2491 1350 2717 1415; x_wconf 82' lang='lat' dir='ltr'><strong>aegros</strong></span> 
     </span>
     <span class='ocr_line' id='line_1_10' title="bbox 414 1434 2718 1520; baseline 0 -23"><span class='ocrx_word' id='word_1_72' title='bbox 414 1442 478 1498; x_wconf 90' lang='lat' dir='ltr'><strong>et</strong></span> <span class='ocrx_word' id='word_1_73' title='bbox 524 1434 844 1499; x_wconf 89' lang='lat' dir='ltr'><strong>inualidos</strong></span> <span class='ocrx_word' id='word_1_74' title='bbox 882 1456 1118 1520; x_wconf 87' lang='lat' dir='ltr'><strong>magno</strong></span> <span class='ocrx_word' id='word_1_75' title='bbox 1147 1435 1426 1519; x_wconf 85' lang='lat' dir='ltr'><strong>&lt;0&gt;pere</strong></span> <span class='ocrx_word' id='word_1_76' title='bbox 1463 1436 1754 1520; x_wconf 85' lang='lat' dir='ltr'><strong>fouisset‚</strong></span> <span class='ocrx_word' id='word_1_77' title='bbox 1800 1436 1868 1499; x_wconf 90' lang='lat' dir='ltr'><strong>in</strong></span> <span class='ocrx_word' id='word_1_78' title='bbox 1896 1435 2206 1503; x_wconf 83' lang='lat' dir='ltr'><strong>auxilium</strong></span> <span class='ocrx_word' id='word_1_79' title='bbox 2236 1436 2718 1518; x_wconf 87' lang='lat' dir='ltr'><strong>aduolauerunt‚</strong></span> 
     </span>
    </p>

    <p class='ocr_par' dir='ltr' id='par_1_4' title="bbox 335 1541 2784 2054">
     <span class='ocr_line' id='line_1_11' title="bbox 335 1541 2627 1627; baseline 0 -20"><span class='ocrx_word' id='word_1_80' title='bbox 335 1568 387 1607; x_wconf 79' lang='grc' dir='ltr'><strong>ιο</strong></span> <span class='ocrx_word' id='word_1_81' title='bbox 415 1542 525 1605; x_wconf 88' lang='lat' dir='ltr'><strong>sed</strong></span> <span class='ocrx_word' id='word_1_82' title='bbox 573 1541 775 1606; x_wconf 90' lang='lat' dir='ltr'><strong>serius</strong></span> <span class='ocrx_word' id='word_1_83' title='bbox 823 1543 1049 1607; x_wconf 88' lang='lat' dir='ltr'><strong>itinere</strong></span> <span class='ocrx_word' id='word_1_84' title='bbox 1098 1542 1284 1606; x_wconf 91' lang='lat' dir='ltr'><strong>deuio</strong></span> <span class='ocrx_word' id='word_1_85' title='bbox 1333 1563 1445 1625; x_wconf 90' lang='lat' dir='ltr'><strong>per</strong></span> <span class='ocrx_word' id='word_1_86' title='bbox 1491 1541 1923 1627; x_wconf 74' lang='lat' dir='ltr'><strong>ignorantiam</strong></span> <span class='ocrx_word' id='word_1_87' title='bbox 1969 1542 2260 1607; x_wconf 92' lang='lat' dir='ltr'><strong>locorum</strong></span> <span class='ocrx_word' id='word_1_88' title='bbox 2304 1543 2627 1607; x_wconf 85' lang='lat' dir='ltr'><strong>retardati.</strong></span> 
     </span>
     <span class='ocr_line' id='line_1_12' title="bbox 592 1647 2784 1734; baseline 0.002 -22"><span class='ocrx_word' id='word_1_89' title='bbox 592 1647 929 1734; x_wconf 82' lang='lat' dir='ltr'><strong>Iugulatus</strong></span> <span class='ocrx_word' id='word_1_90' title='bbox 991 1653 1088 1712; x_wconf 88' lang='lat' dir='ltr'><strong>est</strong></span> <span class='ocrx_word' id='word_1_91' title='bbox 1148 1649 1225 1712; x_wconf 89' lang='lat' dir='ltr'><strong>ad</strong></span> <span class='ocrx_word' id='word_1_92' title='bbox 1285 1649 1497 1714; x_wconf 90' lang='lat' dir='ltr'><strong>lacum</strong></span> <span class='ocrx_word' id='word_1_93' title='bbox 1560 1647 1741 1712; x_wconf 85' lang='lat' dir='ltr'><strong>Curti</strong></span> <span class='ocrx_word' id='word_1_94' title='bbox 1803 1670 1878 1712; x_wconf 87' lang='lat' dir='ltr'><strong>ac</strong></span> <span class='ocrx_word' id='word_1_95' title='bbox 1936 1649 2198 1713; x_wconf 88' lang='lat' dir='ltr'><strong>relictus</strong></span> <span class='ocrx_word' id='word_1_96' title='bbox 2258 1649 2349 1713; x_wconf 90' lang='lat' dir='ltr'><strong>ita</strong></span> <span class='ocrx_word' id='word_1_97' title='bbox 2407 1651 2506 1713; x_wconf 88' lang='lat' dir='ltr'><strong>uti</strong></span> <span class='ocrx_word' id='word_1_98' title='bbox 2565 1654 2717 1732; x_wconf 90' lang='lat' dir='ltr'><strong>erat,</strong></span> <span class='ocrx_word' id='word_1_99' title='bbox 2753 1673 2784 1719; x_wconf 80' lang='lat'><strong>2</strong></span> 
     </span>
     <span class='ocr_line' id='line_1_13' title="bbox 415 1755 2716 1841; baseline 0 -22"><span class='ocrx_word' id='word_1_100' title='bbox 415 1756 614 1820; x_wconf 90' lang='lat' dir='ltr'><strong>donec</strong></span> <span class='ocrx_word' id='word_1_101' title='bbox 661 1755 993 1841; x_wconf 82' lang='lat' dir='ltr'><strong>gregarius</strong></span> <span class='ocrx_word' id='word_1_102' title='bbox 1050 1756 1234 1819; x_wconf 90' lang='lat' dir='ltr'><strong>miles</strong></span> <span class='ocrx_word' id='word_1_103' title='bbox 1283 1778 1318 1818; x_wconf 92' lang='lat' dir='ltr'><strong>a</strong></span> <span class='ocrx_word' id='word_1_104' title='bbox 1366 1756 1867 1820; x_wconf 83' lang='lat' dir='ltr'><strong>frumentatione</strong></span> <span class='ocrx_word' id='word_1_105' title='bbox 1910 1755 2161 1819; x_wconf 89' lang='lat' dir='ltr'><strong>rediens</strong></span> <span class='ocrx_word' id='word_1_106' title='bbox 2218 1755 2469 1819; x_wconf 89' lang='lat' dir='ltr'><strong>abiecto</strong></span> <span class='ocrx_word' id='word_1_107' title='bbox 2527 1778 2716 1821; x_wconf 88' lang='lat' dir='ltr'><strong>onere</strong></span> 
     </span>
     <span class='ocr_line' id='line_1_14' title="bbox 415 1862 2718 1947; baseline 0.001 -23"><span class='ocrx_word' id='word_1_108' title='bbox 415 1865 610 1946; x_wconf 91' lang='lat' dir='ltr'><strong>caput</strong></span> <span class='ocrx_word' id='word_1_109' title='bbox 656 1862 715 1925; x_wconf 89' lang='lat' dir='ltr'><strong>ei</strong></span> <span class='ocrx_word' id='word_1_110' title='bbox 763 1862 1149 1946; x_wconf 82' lang='lat' dir='ltr'><strong>amputauit3</strong></span> <span class='ocrx_word' id='word_1_111' title='bbox 1195 1866 1260 1927; x_wconf 88' lang='lat' dir='ltr'><strong>et</strong></span> <span class='ocrx_word' id='word_1_112' title='bbox 1309 1862 1614 1945; x_wconf 87' lang='lat' dir='ltr'><strong>quoniam</strong></span> <span class='ocrx_word' id='word_1_113' title='bbox 1662 1863 1897 1945; x_wconf 81' lang='lat' dir='ltr'><strong>capillo</strong></span> <span class='ocrx_word' id='word_1_114' title='bbox 1945 1863 2221 1946; x_wconf 87' lang='lat' dir='ltr'><strong>arripere</strong></span> <span class='ocrx_word' id='word_1_115' title='bbox 2268 1884 2396 1926; x_wconf 93' lang='lat' dir='ltr'><strong>non</strong></span> <span class='ocrx_word' id='word_1_116' title='bbox 2442 1866 2718 1947; x_wconf 85' lang='lat' dir='ltr'><strong>poterat,</strong></span> 
     </span>
     <span class='ocr_line' id='line_1_15' title="bbox 416 1967 2715 2054; baseline 0.001 -23"><span class='ocrx_word' id='word_1_117' title='bbox 416 1969 483 2031; x_wconf 89' lang='lat' dir='ltr'><strong>in</strong></span> <span class='ocrx_word' id='word_1_118' title='bbox 530 1970 846 2054; x_wconf 85' lang='lat' dir='ltr'><strong>gremium</strong></span> <span class='ocrx_word' id='word_1_119' title='bbox 895 1968 1172 2052; x_wconf 83' lang='lat' dir='ltr'><strong>abdidit,</strong></span> <span class='ocrx_word' id='word_1_120' title='bbox 1219 1991 1371 2033; x_wconf 83' lang='lat' dir='ltr'><strong>mox</strong></span> <span class='ocrx_word' id='word_1_121' title='bbox 1417 1969 1657 2033; x_wconf 89' lang='lat' dir='ltr'><strong>inserto</strong></span> <span class='ocrx_word' id='word_1_122' title='bbox 1706 1989 1820 2052; x_wconf 88' lang='lat' dir='ltr'><strong>per</strong></span> <span class='ocrx_word' id='word_1_123' title='bbox 1867 1990 1938 2032; x_wconf 88' lang='lat' dir='ltr'><strong>os</strong></span> <span class='ocrx_word' id='word_1_124' title='bbox 1985 1969 2222 2053; x_wconf 86' lang='lat' dir='ltr'><strong>poHice</strong></span> <span class='ocrx_word' id='word_1_125' title='bbox 2269 1969 2346 2031; x_wconf 91' lang='lat' dir='ltr'><strong>ad</strong></span> <span class='ocrx_word' id='word_1_126' title='bbox 2394 1967 2715 2034; x_wconf 88' lang='lat' dir='ltr'><strong>Othonem</strong></span> 
     </span>
    </p>

    <p class='ocr_par' dir='ltr' id='par_1_5' title="bbox 341 2074 2715 2588">
     <span class='ocr_line' id='line_1_16' title="bbox 341 2074 2713 2160; baseline 0 -20"><span class='ocrx_word' id='word_1_127' title='bbox 341 2100 389 2140; x_wconf 86' lang='lat'><strong>15</strong></span> <span class='ocrx_word' id='word_1_128' title='bbox 420 2075 665 2139; x_wconf 88' lang='lat' dir='ltr'><strong>detulit.</strong></span> <span class='ocrx_word' id='word_1_129' title='bbox 750 2076 860 2139; x_wconf 87' lang='lat' dir='ltr'><strong>ille</strong></span> <span class='ocrx_word' id='word_1_130' title='bbox 919 2076 1068 2140; x_wconf 83' lang='lat' dir='ltr'><strong>lixis</strong></span> <span class='ocrx_word' id='word_1_131' title='bbox 1130 2076 1588 2160; x_wconf 87' lang='lat' dir='ltr'><strong>calonibusque</strong></span> <span class='ocrx_word' id='word_1_132' title='bbox 1647 2076 1940 2158; x_wconf 88' lang='lat' dir='ltr'><strong>donauit,</strong></span> <span class='ocrx_word' id='word_1_133' title='bbox 2001 2076 2113 2158; x_wconf 90' lang='lat' dir='ltr'><strong>qui</strong></span> <span class='ocrx_word' id='word_1_134' title='bbox 2169 2074 2355 2139; x_wconf 90' lang='lat' dir='ltr'><strong>hasta</strong></span> <span class='ocrx_word' id='word_1_135' title='bbox 2409 2075 2713 2140; x_wconf 87' lang='lat' dir='ltr'><strong>suffixum</strong></span> 
     </span>
     <span class='ocr_line' id='line_1_17' title="bbox 411 2181 2715 2266; baseline 0 -21"><span class='ocrx_word' id='word_1_136' title='bbox 411 2204 541 2246; x_wconf 91' lang='lat' dir='ltr'><strong>nou</strong></span> <span class='ocrx_word' id='word_1_137' title='bbox 592 2182 730 2247; x_wconf 90' lang='lat' dir='ltr'><strong>sine</strong></span> <span class='ocrx_word' id='word_1_138' title='bbox 776 2182 1054 2247; x_wconf 90' lang='lat' dir='ltr'><strong>ludibrio</strong></span> <span class='ocrx_word' id='word_1_139' title='bbox 1111 2183 1351 2247; x_wconf 90' lang='lat' dir='ltr'><strong>circum</strong></span> <span class='ocrx_word' id='word_1_140' title='bbox 1408 2187 1616 2247; x_wconf 86' lang='lat' dir='ltr'><strong>castra</strong></span> <span class='ocrx_word' id='word_1_141' title='bbox 1673 2186 2013 2266; x_wconf 87' lang='lat' dir='ltr'><strong>portarunt</strong></span> <span class='ocrx_word' id='word_1_142' title='bbox 2060 2181 2489 2246; x_wconf 83' lang='lat' dir='ltr'><strong>adclamantes</strong></span> <span class='ocrx_word' id='word_1_143' title='bbox 2544 2183 2715 2247; x_wconf 89' lang='lat' dir='ltr'><strong>iden-</strong></span> 
     </span>
     <span class='ocr_line' id='line_1_18' title="bbox 414 2287 2715 2373; baseline 0.001 -22"><span class='ocrx_word' id='word_1_144' title='bbox 414 2289 639 2353; x_wconf 86' lang='lat' dir='ltr'><strong>tidem:</strong></span> <span class='ocrx_word' id='word_1_145' title='bbox 717 2288 957 2354; x_wconf 81' lang='lat' dir='ltr'><strong>Galba</strong></span> <span class='ocrx_word' id='word_1_146' title='bbox 1005 2287 1325 2373; x_wconf 87' lang='lat' dir='ltr'><strong>Cupido,</strong></span> <span class='ocrx_word' id='word_1_147' title='bbox 1381 2289 1669 2354; x_wconf 86' lang='lat' dir='ltr'><strong>fruaris</strong></span> <span class='ocrx_word' id='word_1_148' title='bbox 1727 2293 1978 2353; x_wconf 87' lang='lat' dir='ltr'><strong>aetate</strong></span> <span class='ocrx_word' id='word_1_149' title='bbox 2033 2292 2191 2372; x_wconf 89' lang='lat' dir='ltr'><strong>tua,</strong></span> <span class='ocrx_word' id='word_1_150' title='bbox 2255 2289 2531 2353; x_wconf 79' lang='lat' dir='ltr'><strong>maxime</strong></span> <span class='ocrx_word' id='word_1_151' title='bbox 2577 2289 2715 2353; x_wconf 89' lang='lat' dir='ltr'><strong>irri-</strong></span> 
     </span>
     <span class='ocr_line' id='line_1_19' title="bbox 412 2395 2714 2480; baseline 0 -20"><span class='ocrx_word' id='word_1_152' title='bbox 412 2397 530 2460; x_wconf 89' lang='lat' dir='ltr'><strong>tati</strong></span> <span class='ocrx_word' id='word_1_153' title='bbox 593 2396 672 2459; x_wconf 92' lang='lat' dir='ltr'><strong>ad</strong></span> <span class='ocrx_word' id='word_1_154' title='bbox 733 2398 928 2461; x_wconf 89' lang='lat' dir='ltr'><strong>talem</strong></span> <span class='ocrx_word' id='word_1_155' title='bbox 984 2398 1274 2461; x_wconf 87' lang='lat' dir='ltr'><strong>iocorum</strong></span> <span class='ocrx_word' id='word_1_156' title='bbox 1330 2396 1781 2480; x_wconf 83' lang='lat' dir='ltr'><strong>petulantiam,</strong></span> <span class='ocrx_word' id='word_1_157' title='bbox 1844 2395 2017 2479; x_wconf 93' lang='lat' dir='ltr'><strong>quod</strong></span> <span class='ocrx_word' id='word_1_158' title='bbox 2078 2400 2225 2459; x_wconf 87' lang='lat' dir='ltr'><strong>ante</strong></span> <span class='ocrx_word' id='word_1_159' title='bbox 2284 2417 2525 2480; x_wconf 86' lang='lat' dir='ltr'><strong>paucos</strong></span> <span class='ocrx_word' id='word_1_160' title='bbox 2581 2396 2714 2461; x_wconf 88' lang='lat' dir='ltr'><strong>dies</strong></span> 
     </span>
     <span class='ocr_line' id='line_1_20' title="bbox 414 2502 2714 2588; baseline 0.001 -22"><span class='ocrx_word' id='word_1_161' title='bbox 414 2505 655 2566; x_wconf 84' lang='lat' dir='ltr'><strong>exierat</strong></span> <span class='ocrx_word' id='word_1_162' title='bbox 685 2503 753 2566; x_wconf 90' lang='lat' dir='ltr'><strong>in</strong></span> <span class='ocrx_word' id='word_1_163' title='bbox 777 2505 1032 2588; x_wconf 84' lang='lat' dir='ltr'><strong>uulgus,</strong></span> <span class='ocrx_word' id='word_1_164' title='bbox 1069 2503 1358 2568; x_wconf 83' lang='lat' dir='ltr'><strong>laudanti</strong></span> <span class='ocrx_word' id='word_1_165' title='bbox 1388 2502 1639 2568; x_wconf 90' lang='lat' dir='ltr'><strong>cuidam</strong></span> <span class='ocrx_word' id='word_1_166' title='bbox 1671 2503 1944 2566; x_wconf 89' lang='lat' dir='ltr'><strong>formam</strong></span> <span class='ocrx_word' id='word_1_167' title='bbox 1985 2525 2160 2566; x_wconf 92' lang='lat' dir='ltr'><strong>suam</strong></span> <span class='ocrx_word' id='word_1_168' title='bbox 2204 2508 2277 2566; x_wconf 91' lang='lat' dir='ltr'><strong>ut</strong></span> <span class='ocrx_word' id='word_1_169' title='bbox 2310 2502 2518 2567; x_wconf 90' lang='lat' dir='ltr'><strong>adhuc</strong></span> <span class='ocrx_word' id='word_1_170' title='bbox 2545 2503 2714 2568; x_wconf 91' lang='lat' dir='ltr'><strong>flori-</strong></span> 
     </span>
    </p>
   </div>
   <div class='ocr_carea' id='block_1_3' title="bbox 334 2608 2712 2696">
    <p class='ocr_par' dir='ltr' id='par_1_6' title="bbox 334 2608 2712 2696">
     <span class='ocr_line' id='line_1_21' title="bbox 334 2608 2712 2696; baseline 0.002 -27"><span class='ocrx_word' id='word_1_171' title='bbox 334 2632 387 2670; x_wconf 81' lang='lat'><strong>20</strong></span> <span class='ocrx_word' id='word_1_172' title='bbox 418 2609 562 2672; x_wconf 89' lang='lat' dir='ltr'><strong>dam</strong></span> <span class='ocrx_word' id='word_1_173' title='bbox 603 2614 666 2673; x_wconf 91' lang='lat' dir='ltr'><strong>et</strong></span> <span class='ocrx_word' id='word_1_174' title='bbox 704 2616 999 2696; x_wconf 82' lang='lat' dir='ltr'><strong>uegetam</strong></span> <span class='ocrx_word' id='word_1_175' title='bbox 1032 2611 1435 2693; x_wconf 87' lang='lat' dir='ltr'><strong>respondisse</strong></span> <span class='ocrx_word' id='word_1_176' title='bbox 1464 2632 1610 2674; x_wconf 91' lang='lat' dir='ltr'><strong>eum</strong></span> <span class='ocrx_word' id='word_1_177' title='bbox 1642 2610 1871 2689; x_wconf 74' lang='lat' dir='ltr'><strong>(Hom.</strong></span> <span class='ocrx_word' id='word_1_178' title='bbox 1899 2608 1981 2674; x_wconf 86' lang='lat' dir='ltr'><strong>Il.</strong></span> <span class='ocrx_word' id='word_1_179' title='bbox 2011 2611 2067 2692; x_wconf 86' lang='lat'><strong>5,</strong></span> <span class='ocrx_word' id='word_1_180' title='bbox 2086 2612 2215 2674; x_wconf 79' lang='lat'><strong>254</strong></span> <span class='ocrx_word' id='word_1_181' title='bbox 2253 2608 2362 2673; x_wconf 79' lang='lat' dir='ltr'><strong>od.</strong></span> <span class='ocrx_word' id='word_1_182' title='bbox 2382 2614 2486 2693; x_wconf 77' lang='lat'><strong>21,</strong></span> <span class='ocrx_word' id='word_1_183' title='bbox 2513 2611 2712 2692; x_wconf 82' lang='lat'><em>426&gt;:</em></span> 
     </span>
    </p>
   </div>
   <div class='ocr_carea' id='block_1_4' title="bbox 1018 2741 2097 2828">
    <p class='ocr_par' dir='ltr' id='par_1_7' title="bbox 1018 2741 2097 2828">
     <span class='ocr_line' id='line_1_22' title="bbox 1018 2741 2097 2828; baseline -0.003 -19"><span class='ocrx_word' id='word_1_184' title='bbox 1018 2741 1118 2810; x_wconf 79' lang='grc' dir='ltr'><strong>ἔτι</strong></span> <span class='ocrx_word' id='word_1_185' title='bbox 1163 2769 1275 2828; x_wconf 89' lang='grc' dir='ltr'><strong>μοι</strong></span> <span class='ocrx_word' id='word_1_186' title='bbox 1324 2743 1522 2828; x_wconf 81' lang='grc' dir='ltr'><strong><em>μένος</em></strong></span> <span class='ocrx_word' id='word_1_187' title='bbox 1568 2745 1854 2827; x_wconf 81' lang='grc' dir='ltr'><em>ἔμπεδόν</em></span> <span class='ocrx_word' id='word_1_188' title='bbox 1900 2743 2097 2810; x_wconf 80' lang='grc' dir='ltr'><strong><em>ἐστιν.</em></strong></span> 
     </span>
    </p>
   </div>
   <div class='ocr_carea' id='block_1_5' title="bbox 333 2866 2713 3291">
    <p class='ocr_par' dir='ltr' id='par_1_8' title="bbox 333 2866 2713 3291">
     <span class='ocr_line' id='line_1_23' title="bbox 414 2866 2712 2970; baseline 0.002 -24"><span class='ocrx_word' id='word_1_189' title='bbox 414 2884 493 2947; x_wconf 89' lang='lat' dir='ltr'><strong>ab</strong></span> <span class='ocrx_word' id='word_1_190' title='bbox 543 2886 596 2948; x_wconf 92' lang='lat' dir='ltr'><strong>is</strong></span> <span class='ocrx_word' id='word_1_191' title='bbox 654 2885 945 2950; x_wconf 91' lang='lat' dir='ltr'><strong>Patrobii</strong></span> <span class='ocrx_word' id='word_1_192' title='bbox 985 2866 1343 2951; x_wconf 28' lang='lat' dir='ltr'><strong>&#39;Neroniani</strong></span> <span class='ocrx_word' id='word_1_193' title='bbox 1399 2886 1670 2950; x_wconf 91' lang='lat' dir='ltr'><strong>libertus</strong></span> <span class='ocrx_word' id='word_1_194' title='bbox 1731 2890 1986 2950; x_wconf 91' lang='lat' dir='ltr'><strong>centum</strong></span> <span class='ocrx_word' id='word_1_195' title='bbox 2049 2886 2256 2950; x_wconf 87' lang='lat' dir='ltr'><strong>aureis</strong></span> <span class='ocrx_word' id='word_1_196' title='bbox 2311 2885 2712 2970; x_wconf 88' lang='lat' dir='ltr'><strong>redemptum</strong></span> 
     </span>
     <span class='ocr_line' id='line_1_24' title="bbox 414 2990 2711 3076; baseline 0 -20"><span class='ocrx_word' id='word_1_197' title='bbox 414 3013 488 3055; x_wconf 92' lang='lat' dir='ltr'><strong>eo</strong></span> <span class='ocrx_word' id='word_1_198' title='bbox 534 2994 711 3075; x_wconf 90' lang='lat' dir='ltr'><strong>loc0‚</strong></span> <span class='ocrx_word' id='word_1_199' title='bbox 766 2993 879 3056; x_wconf 91' lang='lat' dir='ltr'><strong>ubi</strong></span> <span class='ocrx_word' id='word_1_200' title='bbox 925 2994 1104 3057; x_wconf 87' lang='lat' dir='ltr'><strong>iussu</strong></span> <span class='ocrx_word' id='word_1_201' title='bbox 1152 2990 1394 3056; x_wconf 83' lang='lat' dir='ltr'><strong>Galbae</strong></span> <span class='ocrx_word' id='word_1_202' title='bbox 1451 2993 1966 3058; x_wconf 88' lang='lat' dir='ltr'><strong>animaduersum</strong></span> <span class='ocrx_word' id='word_1_203' title='bbox 2017 2994 2084 3056; x_wconf 92' lang='lat' dir='ltr'><strong>in</strong></span> <span class='ocrx_word' id='word_1_204' title='bbox 2131 2996 2475 3076; x_wconf 89' lang='lat' dir='ltr'><strong>patronum</strong></span> <span class='ocrx_word' id='word_1_205' title='bbox 2524 3015 2711 3057; x_wconf 91' lang='lat' dir='ltr'><strong>suum</strong></span> 
     </span>
     <span class='ocr_line' id='line_1_25' title="bbox 412 3097 2713 3185; baseline 0.001 -24"><span class='ocrx_word' id='word_1_206' title='bbox 412 3097 649 3182; x_wconf 82' lang='lat' dir='ltr'><strong>fuerat,</strong></span> <span class='ocrx_word' id='word_1_207' title='bbox 706 3099 955 3164; x_wconf 89' lang='lat' dir='ltr'><strong>abiecit.</strong></span> <span class='ocrx_word' id='word_1_208' title='bbox 1041 3120 1183 3163; x_wconf 88' lang='lat' dir='ltr'><strong>sero</strong></span> <span class='ocrx_word' id='word_1_209' title='bbox 1239 3098 1496 3163; x_wconf 88' lang='lat' dir='ltr'><strong>tandem</strong></span> <span class='ocrx_word' id='word_1_210' title='bbox 1556 3100 1962 3184; x_wconf 86' lang='lat' dir='ltr'><strong>dispensator</strong></span> <span class='ocrx_word' id='word_1_211' title='bbox 2015 3099 2299 3185; x_wconf 85' lang='lat' dir='ltr'><strong>Argiuus</strong></span> <span class='ocrx_word' id='word_1_212' title='bbox 2360 3103 2425 3163; x_wconf 88' lang='lat' dir='ltr'><strong>et</strong></span> <span class='ocrx_word' id='word_1_213' title='bbox 2478 3100 2604 3164; x_wconf 90' lang='lat' dir='ltr'><strong>hoc</strong></span> <span class='ocrx_word' id='word_1_214' title='bbox 2649 3103 2713 3164; x_wconf 90' lang='lat' dir='ltr'><strong>et</strong></span> 
     </span>
     <span class='ocr_line' id='line_1_26' title="bbox 333 3205 2712 3291; baseline 0.003 -27"><span class='ocrx_word' id='word_1_215' title='bbox 333 3225 384 3266; x_wconf 72' lang='lat'><strong>2⁶</strong></span> <span class='ocrx_word' id='word_1_216' title='bbox 414 3209 698 3270; x_wconf 90' lang='lat' dir='ltr'><strong>ceterum</strong></span> <span class='ocrx_word' id='word_1_217' title='bbox 755 3210 1054 3271; x_wconf 88' lang='lat' dir='ltr'><strong>truncum</strong></span> <span class='ocrx_word' id='word_1_218' title='bbox 1116 3205 1183 3269; x_wconf 91' lang='lat' dir='ltr'><strong>in</strong></span> <span class='ocrx_word' id='word_1_219' title='bbox 1238 3205 1509 3290; x_wconf 88' lang='lat' dir='ltr'><strong>priuatis</strong></span> <span class='ocrx_word' id='word_1_220' title='bbox 1566 3207 1700 3269; x_wconf 87' lang='lat' dir='ltr'><strong>eius</strong></span> <span class='ocrx_word' id='word_1_221' title='bbox 1759 3206 1964 3270; x_wconf 87' lang='lat' dir='ltr'><strong>hortis</strong></span> <span class='ocrx_word' id='word_1_222' title='bbox 2019 3205 2284 3271; x_wconf 88' lang='lat' dir='ltr'><strong>Aurelia</strong></span> <span class='ocrx_word' id='word_1_223' title='bbox 2342 3206 2450 3271; x_wconf 88' lang='lat' dir='ltr'><strong>uia</strong></span> <span class='ocrx_word' id='word_1_224' title='bbox 2505 3209 2712 3291; x_wconf 91' lang='lat' dir='ltr'><strong>sepul·</strong></span> 
     </span>
    </p>
   </div>
   <div class='ocr_carea' id='block_1_6' title="bbox 412 3312 830 3376">
    <p class='ocr_par' dir='ltr' id='par_1_9' title="bbox 412 3312 830 3376">
     <span class='ocr_line' id='line_1_27' title="bbox 412 3312 830 3376; baseline 0.002 -1"><span class='ocrx_word' id='word_1_225' title='bbox 412 3316 592 3376; x_wconf 90' lang='lat' dir='ltr'><strong>turae</strong></span> <span class='ocrx_word' id='word_1_226' title='bbox 642 3312 830 3376; x_wconf 87' lang='lat' dir='ltr'><strong>dedit.</strong></span> 
     </span>
    </p>
   </div>
   <div class='ocr_carea' id='block_1_7' title="bbox 443 3442 616 3449">
    <p class='ocr_par' dir='ltr' id='par_1_10' title="bbox 443 3442 616 3449">
     <span class='ocr_line' id='line_1_28' title="bbox 443 3442 616 3449; baseline 0.017 -3"><span class='ocrx_word' id='word_1_227' title='bbox 443 3442 616 3449; x_wconf 48' lang='lat' dir='ltr'><strong>qm</strong></span> 
     </span>
    </p>
   </div>
   <div class='ocr_carea' id='block_1_8' title="bbox 631 3443 838 3451">
    <p class='ocr_par' dir='ltr' id='par_1_11' title="bbox 631 3443 838 3451">
     <span class='ocr_line' id='line_1_29' title="bbox 631 3443 838 3451; baseline 0 0"><span class='ocrx_word' id='word_1_228' title='bbox 631 3443 838 3451; x_wconf 95' lang='lat' dir='ltr'><strong> </strong></span> 
     </span>
    </p>
   </div>
   <div class='ocr_carea' id='block_1_9' title="bbox 411 3504 2712 3816">
    <p class='ocr_par' dir='ltr' id='par_1_12' title="bbox 411 3504 2712 3816">
     <span class='ocr_line' id='line_1_30' title="bbox 558 3504 2712 3575; baseline 0.001 -18"><span class='ocrx_word' id='word_1_229' title='bbox 558 3511 616 3557; x_wconf 87' lang='lat'><strong>11</strong></span> <span class='ocrx_word' id='word_1_230' title='bbox 662 3507 898 3574; x_wconf 80' lang='lat' dir='ltr'><strong>Eutrop.</strong></span> <span class='ocrx_word' id='word_1_231' title='bbox 940 3507 1062 3560; x_wconf 88' lang='lat' dir='ltr'><strong>VII</strong></span> <span class='ocrx_word' id='word_1_232' title='bbox 1084 3511 1169 3572; x_wconf 88' lang='lat'><strong>16,</strong></span> <span class='ocrx_word' id='word_1_233' title='bbox 1201 3510 1234 3559; x_wconf 89' lang='lat'><em>3</em></span> <span class='ocrx_word' id='word_1_234' title='bbox 1271 3504 1560 3575; x_wconf 83' lang='lat' dir='ltr'><strong>iugulatus</strong></span> <span class='ocrx_word' id='word_1_235' title='bbox 1598 3505 1657 3558; x_wconf 91' lang='lat' dir='ltr'><strong>in</strong></span> <span class='ocrx_word' id='word_1_236' title='bbox 1699 3505 1820 3558; x_wconf 88' lang='lat' dir='ltr'><strong>foro</strong></span> <span class='ocrx_word' id='word_1_237' title='bbox 1858 3504 2125 3558; x_wconf 87' lang='lat' dir='ltr'><strong>Romano.</strong></span> <span class='ocrx_word' id='word_1_238' title='bbox 2201 3505 2386 3559; x_wconf 83' lang='lat' dir='ltr'><strong>Victor</strong></span> <span class='ocrx_word' id='word_1_239' title='bbox 2416 3506 2565 3560; x_wconf 64' lang='lat' dir='ltr'><strong>Gaea.</strong></span> <span class='ocrx_word' id='word_1_240' title='bbox 2597 3510 2647 3571; x_wconf 88' lang='lat'><strong>6,</strong></span> <span class='ocrx_word' id='word_1_241' title='bbox 2677 3510 2712 3559; x_wconf 90' lang='lat'><em>3</em></span> 
     </span>
     <span class='ocr_line' id='line_1_31' title="bbox 413 3585 2708 3655; baseline 0.001 -17"><span class='ocrx_word' id='word_1_242' title='bbox 413 3586 486 3638; x_wconf 86' lang='lat' dir='ltr'><strong>ad</strong></span> <span class='ocrx_word' id='word_1_243' title='bbox 527 3585 714 3640; x_wconf 88' lang='lat' dir='ltr'><strong>lacum</strong></span> <span class='ocrx_word' id='word_1_244' title='bbox 745 3585 997 3639; x_wconf 89' lang='lat' dir='ltr'><strong>Curtium</strong></span> <span class='ocrx_word' id='word_1_245' title='bbox 1036 3602 1229 3640; x_wconf 88' lang='lat' dir='ltr'><strong>caesus</strong></span> <span class='ocrx_word' id='word_1_246' title='bbox 1259 3587 1346 3639; x_wconf 86' lang='lat' dir='ltr'><strong>est</strong></span> <span class='ocrx_word' id='word_1_247' title='bbox 1373 3587 1548 3655; x_wconf 76' lang='lat' dir='ltr'><strong>(Epit.</strong></span> <span class='ocrx_word' id='word_1_248' title='bbox 1573 3590 1623 3650; x_wconf 89' lang='grc'><strong>6,</strong></span> <span class='ocrx_word' id='word_1_249' title='bbox 1645 3589 1714 3654; x_wconf 78' lang='grc'><strong>4).</strong></span> <span class='ocrx_word' id='word_1_250' title='bbox 1772 3585 1841 3651; x_wconf 80' lang='lat' dir='ltr'><strong>cf.</strong></span> <span class='ocrx_word' id='word_1_251' title='bbox 1869 3585 2016 3639; x_wconf 73' lang='grc' dir='ltr'><em>Ονοε.</em></span> <span class='ocrx_word' id='word_1_252' title='bbox 2043 3585 2227 3651; x_wconf 80' lang='lat' dir='ltr'><strong><em>V118‚</em></strong></span> <span class='ocrx_word' id='word_1_253' title='bbox 2249 3590 2279 3638; x_wconf 88' lang='lat'><strong><em>1</em></strong></span> <span class='ocrx_word' id='word_1_254' title='bbox 2318 3585 2415 3654; x_wconf 81' lang='lat' dir='ltr'><strong>(ad</strong></span> <span class='ocrx_word' id='word_1_255' title='bbox 2438 3586 2595 3640; x_wconf 83' lang='lat' dir='ltr'><strong>Galb.</strong></span> <span class='ocrx_word' id='word_1_256' title='bbox 2616 3590 2708 3654; x_wconf 81' lang='lat'><strong>23)</strong></span> 
     </span>
     <span class='ocr_line' id='line_1_32' title="bbox 412 3665 2710 3737; baseline 0 -19"><span class='ocrx_word' id='word_1_257' title='bbox 412 3672 479 3718; x_wconf 79' lang='lat'><strong>25</strong></span> <span class='ocrx_word' id='word_1_258' title='bbox 519 3668 755 3737; x_wconf 79' lang='lat' dir='ltr'><strong>Eutrop.</strong></span> <span class='ocrx_word' id='word_1_259' title='bbox 790 3668 912 3722; x_wconf 92' lang='lat' dir='ltr'><strong>VII</strong></span> <span class='ocrx_word' id='word_1_260' title='bbox 935 3672 1023 3733; x_wconf 87' lang='lat'><strong>16,</strong></span> <span class='ocrx_word' id='word_1_261' title='bbox 1052 3671 1087 3720; x_wconf 89' lang='lat'><em>3</em></span> <span class='ocrx_word' id='word_1_262' title='bbox 1125 3665 1491 3734; x_wconf 87' lang='lat' dir='ltr'><strong>sepultusque</strong></span> <span class='ocrx_word' id='word_1_263' title='bbox 1527 3667 1587 3717; x_wconf 89' lang='lat' dir='ltr'><strong>in</strong></span> <span class='ocrx_word' id='word_1_264' title='bbox 1624 3665 1804 3719; x_wconf 89' lang='lat' dir='ltr'><strong>hortis</strong></span> <span class='ocrx_word' id='word_1_265' title='bbox 1842 3665 1983 3731; x_wconf 88' lang='lat' dir='ltr'><strong>suis,</strong></span> <span class='ocrx_word' id='word_1_266' title='bbox 2040 3665 2138 3734; x_wconf 90' lang='lat' dir='ltr'><strong>qui</strong></span> <span class='ocrx_word' id='word_1_267' title='bbox 2180 3667 2312 3719; x_wconf 90' lang='lat' dir='ltr'><strong>sunt</strong></span> <span class='ocrx_word' id='word_1_268' title='bbox 2346 3665 2579 3719; x_wconf 86' lang='lat' dir='ltr'><strong>Aurelia</strong></span> <span class='ocrx_word' id='word_1_269' title='bbox 2616 3666 2710 3719; x_wconf 88' lang='lat' dir='ltr'><strong>uia</strong></span> 
     </span>
     <span class='ocr_line' id='line_1_33' title="bbox 411 3746 1246 3816; baseline 0.001 -18"><span class='ocrx_word' id='word_1_270' title='bbox 411 3763 523 3799; x_wconf 89' lang='lat' dir='ltr'><strong>non</strong></span> <span class='ocrx_word' id='word_1_271' title='bbox 560 3746 728 3816; x_wconf 83' lang='lat' dir='ltr'><strong>longe</strong></span> <span class='ocrx_word' id='word_1_272' title='bbox 768 3747 839 3800; x_wconf 89' lang='lat' dir='ltr'><strong>ab</strong></span> <span class='ocrx_word' id='word_1_273' title='bbox 878 3747 1016 3800; x_wconf 85' lang='lat' dir='ltr'><strong>urbe</strong></span> <span class='ocrx_word' id='word_1_274' title='bbox 1053 3747 1246 3800; x_wconf 88' lang='lat' dir='ltr'><strong>Roma.</strong></span> 
     </span>
    </p>
   </div>
   <div class='ocr_carea' id='block_1_10' title="bbox 561 3903 2712 3974">
    <p class='ocr_par' dir='ltr' id='par_1_13' title="bbox 561 3903 2712 3974">
     <span class='ocr_line' id='line_1_34' title="bbox 561 3903 2712 3974; baseline 0.001 -16"><span class='ocrx_word' id='word_1_275' title='bbox 561 3913 585 3958; x_wconf 90' lang='lat'>1</span> <span class='ocrx_word' id='word_1_276' title='bbox 629 3907 769 3959; x_wconf 82' lang='lat' dir='ltr'><strong>Sunt</strong></span> <span class='ocrx_word' id='word_1_277' title='bbox 805 3906 997 3959; x_wconf 66' lang='lat' dir='ltr'><strong>&#39;autem</strong></span> <span class='ocrx_word' id='word_1_278' title='bbox 1026 3906 1227 3960; x_wconf 83' lang='lat' dir='ltr'><strong><em>POST</em></strong></span> <span class='ocrx_word' id='word_1_279' title='bbox 1364 3913 1396 3958; x_wconf 85' lang='lat'>4</span> <span class='ocrx_word' id='word_1_280' title='bbox 1433 3908 1498 3959; x_wconf 92' lang='lat' dir='ltr'><strong>ut</strong></span> <span class='ocrx_word' id='word_1_281' title='bbox 1535 3906 1636 3960; x_wconf 82' lang='lat' dir='ltr'><strong>del.</strong></span> <span class='ocrx_word' id='word_1_282' title='bbox 1674 3907 1825 3960; x_wconf 85' lang='lat' dir='ltr'><strong>Torr.</strong></span> <span class='ocrx_word' id='word_1_283' title='bbox 1974 3920 2041 3957; x_wconf 88' lang='lat' dir='ltr'><strong>ac</strong></span> <span class='ocrx_word' id='word_1_284' title='bbox 2079 3903 2311 3958; x_wconf 87' lang='lat' dir='ltr'><strong>ferirent</strong></span> <span class='ocrx_word' id='word_1_285' title='bbox 2347 3904 2447 3958; x_wconf 82' lang='lat' dir='ltr'><strong>del.</strong></span> <span class='ocrx_word' id='word_1_286' title='bbox 2481 3906 2712 3974; x_wconf 77' lang='lat' dir='ltr'><strong>Lipsius</strong></span> 
     </span>
    </p>
   </div>
   <div class='ocr_carea' id='block_1_11' title="bbox 412 3984 2712 4297">
    <p class='ocr_par' dir='ltr' id='par_1_14' title="bbox 412 3984 2712 4297">
     <span class='ocr_line' id='line_1_35' title="bbox 416 3984 2712 4056; baseline 0.002 -19"><span class='ocrx_word' id='word_1_287' title='bbox 416 3991 446 4037; x_wconf 82' lang='lat'>5</span> <span class='ocrx_word' id='word_1_288' title='bbox 485 3984 669 4038; x_wconf 87' lang='lat' dir='ltr'><strong>fuerat</strong></span> <span class='ocrx_word' id='word_1_289' title='bbox 701 3986 777 4052; x_wconf 79' lang='lat' dir='ltr'><strong>G,</strong></span> <span class='ocrx_word' id='word_1_290' title='bbox 832 3985 944 4039; x_wconf 77' lang='lat' dir='ltr'><strong>fuit</strong></span> <span class='ocrx_word' id='word_1_291' title='bbox 970 3987 1038 4039; x_wconf 91' lang='lat' dir='ltr'><strong><em>N</em></strong></span> <span class='ocrx_word' id='word_1_292' title='bbox 1248 3991 1277 4039; x_wconf 83' lang='lat'>6</span> <span class='ocrx_word' id='word_1_293' title='bbox 1317 3987 1506 4055; x_wconf 89' lang='lat' dir='ltr'><strong>optem</strong></span> <span class='ocrx_word' id='word_1_294' title='bbox 1537 3987 1632 4053; x_wconf 82' lang='grc' dir='ltr'><strong>Μ,</strong></span> <span class='ocrx_word' id='word_1_295' title='bbox 1680 4003 1777 4040; x_wconf 88' lang='lat' dir='ltr'><strong>om.</strong></span> <span class='ocrx_word' id='word_1_296' title='bbox 1810 3986 1933 4056; x_wconf 61' lang='lat' dir='ltr'><strong>HQ,</strong></span> <span class='ocrx_word' id='word_1_297' title='bbox 1955 3988 2246 4041; x_wconf 74' lang='lat' dir='ltr'><strong>inserentes</strong></span> <span class='ocrx_word' id='word_1_298' title='bbox 2281 3985 2556 4039; x_wconf 81' lang='lat' dir='ltr'><strong>auxilium</strong></span> <span class='ocrx_word' id='word_1_299' title='bbox 2585 3994 2712 4055; x_wconf 77' lang='lat' dir='ltr'><strong>post</strong></span> 
     </span>
     <span class='ocr_line' id='line_1_36' title="bbox 412 4065 2711 4133; baseline 0.002 -16"><span class='ocrx_word' id='word_1_300' title='bbox 412 4065 739 4133; x_wconf 88' lang='lat' dir='ltr'><strong>imperatori</strong></span> <span class='ocrx_word' id='word_1_301' title='bbox 947 4071 976 4118; x_wconf 81' lang='lat'>7</span> <span class='ocrx_word' id='word_1_302' title='bbox 1017 4066 1414 4121; x_wconf 85' lang='lat' dir='ltr'><strong>arcessirentur</strong></span> <span class='ocrx_word' id='word_1_303' title='bbox 1446 4069 1520 4121; x_wconf 86' lang='lat' dir='ltr'><strong><em>M</em></strong></span> <span class='ocrx_word' id='word_1_304' title='bbox 1522 4066 1627 4120; x_wconf 76' lang='lat' dir='ltr'><strong>GT</strong></span> <span class='ocrx_word' id='word_1_305' title='bbox 1840 4065 2393 4121; x_wconf 82' lang='lat' dir='ltr'><strong>Germanicianorum</strong></span> <span class='ocrx_word' id='word_1_306' title='bbox 2428 4068 2711 4122; x_wconf 74' lang='lat' dir='ltr'><strong>Turnebus</strong></span> 
     </span>
     <span class='ocr_line' id='line_1_37' title="bbox 415 4145 2709 4216; baseline 0.001 -17"><span class='ocrx_word' id='word_1_307' title='bbox 415 4151 445 4199; x_wconf 88' lang='grc'><strong>9</strong></span> <span class='ocrx_word' id='word_1_308' title='bbox 475 4145 771 4199; x_wconf 84' lang='lat' dir='ltr'><strong>refouisset</strong></span> <span class='ocrx_word' id='word_1_309' title='bbox 801 4147 1092 4215; x_wconf 77' lang='lat' dir='ltr'><strong>Woelfflin,</strong></span> <span class='ocrx_word' id='word_1_310' title='bbox 1131 4147 1200 4213; x_wconf 79' lang='lat' dir='ltr'><strong>cf.</strong></span> <span class='ocrx_word' id='word_1_311' title='bbox 1231 4147 1355 4201; x_wconf 84' lang='lat' dir='ltr'><strong>Tac.</strong></span> <span class='ocrx_word' id='word_1_312' title='bbox 1383 4148 1507 4201; x_wconf 76' lang='lat' dir='ltr'><strong>hist.</strong></span> <span class='ocrx_word' id='word_1_313' title='bbox 1536 4147 1578 4199; x_wconf 94' lang='lat' dir='ltr'><em>I</em></span> <span class='ocrx_word' id='word_1_314' title='bbox 1599 4152 1666 4200; x_wconf 88' lang='grc'><strong>31</strong></span> <span class='ocrx_word' id='word_1_315' title='bbox 1851 4152 1916 4199; x_wconf 82' lang='lat'><strong>12</strong></span> <span class='ocrx_word' id='word_1_316' title='bbox 1946 4145 2171 4201; x_wconf 87' lang='lat' dir='ltr'><strong>abiecta</strong></span> <span class='ocrx_word' id='word_1_317' title='bbox 2200 4149 2270 4202; x_wconf 87' lang='lat' dir='ltr'><em>M</em></span> <span class='ocrx_word' id='word_1_318' title='bbox 2408 4153 2473 4201; x_wconf 83' lang='lat'><strong>13</strong></span> <span class='ocrx_word' id='word_1_319' title='bbox 2504 4146 2709 4216; x_wconf 84' lang='lat' dir='ltr'><strong>capillo</strong></span> 
     </span>
     <span class='ocr_line' id='line_1_38' title="bbox 412 4225 2709 4297; baseline 0.003 -20"><span class='ocrx_word' id='word_1_320' title='bbox 412 4240 548 4295; x_wconf 87' lang='lat' dir='ltr'><strong>prae</strong></span> <span class='ocrx_word' id='word_1_321' title='bbox 586 4225 816 4280; x_wconf 79' lang='lat' dir='ltr'><strong>caluitio</strong></span> <span class='ocrx_word' id='word_1_322' title='bbox 854 4226 993 4281; x_wconf 84' lang='lat' dir='ltr'><strong>HL⁸</strong></span> <span class='ocrx_word' id='word_1_323' title='bbox 1037 4232 1087 4282; x_wconf 83' lang='lat' dir='ltr'><strong>et</strong></span> <span class='ocrx_word' id='word_1_324' title='bbox 1124 4245 1158 4287; x_wconf 84' lang='grc' dir='ltr'><strong><em>ς</em></strong></span> <span class='ocrx_word' id='word_1_325' title='bbox 1183 4229 1423 4296; x_wconf 79' lang='lat' dir='ltr'><strong>plurimi</strong></span> <span class='ocrx_word' id='word_1_326' title='bbox 1470 4228 1663 4297; x_wconf 61' lang='grc' dir='ltr'><strong>(παῖς.)</strong></span> <span class='ocrx_word' id='word_1_327' title='bbox 1918 4231 1985 4280; x_wconf 81' lang='lat'><strong>14</strong></span> <span class='ocrx_word' id='word_1_328' title='bbox 2023 4226 2248 4281; x_wconf 89' lang='lat' dir='ltr'><strong>addidit</strong></span> <span class='ocrx_word' id='word_1_329' title='bbox 2285 4227 2463 4283; x_wconf 74' lang='lat' dir='ltr'><strong>12¹8ss</strong></span> <span class='ocrx_word' id='word_1_330' title='bbox 2470 4227 2488 4258; x_wconf 90' lang='lat'><strong>¹</strong></span> <span class='ocrx_word' id='word_1_331' title='bbox 2524 4228 2709 4297; x_wconf 79' lang='lat' dir='ltr'><strong>(Roth)</strong></span> 
     </span>
    </p>
   </div>
   <div class='ocr_carea' id='block_1_12' title="bbox 411 4306 2715 4616">
    <p class='ocr_par' dir='ltr' id='par_1_15' title="bbox 411 4306 2715 4616">
     <span class='ocr_line' id='line_1_39' title="bbox 415 4306 2708 4379; baseline 0.002 -21"><span class='ocrx_word' id='word_1_332' title='bbox 415 4311 480 4358; x_wconf 82' lang='lat'><strong>17</strong></span> <span class='ocrx_word' id='word_1_333' title='bbox 519 4306 722 4375; x_wconf 87' lang='lat' dir='ltr'><strong>cupide</strong></span> <span class='ocrx_word' id='word_1_334' title='bbox 754 4306 866 4360; x_wconf 85' lang='lat' dir='ltr'><strong>GX</strong></span> <span class='ocrx_word' id='word_1_335' title='bbox 885 4308 1079 4378; x_wconf 61' lang='grc' dir='ltr'><strong>(παῖς.)</strong></span> <span class='ocrx_word' id='word_1_336' title='bbox 1198 4312 1266 4360; x_wconf 80' lang='lat'><strong>20</strong></span> <span class='ocrx_word' id='word_1_337' title='bbox 1305 4309 1362 4361; x_wconf 92' lang='lat' dir='ltr'><strong>et</strong></span> <span class='ocrx_word' id='word_1_338' title='bbox 1400 4306 1486 4377; x_wconf 70' lang='lat' dir='ltr'><strong>(Sc)</strong></span> <span class='ocrx_word' id='word_1_339' title='bbox 1525 4314 1654 4361; x_wconf 75' lang='lat' dir='ltr'><strong>ante</strong></span> <span class='ocrx_word' id='word_1_340' title='bbox 1688 4306 1768 4360; x_wconf 79' lang='grc' dir='ltr'><strong>ἔτι</strong></span> <span class='ocrx_word' id='word_1_341' title='bbox 1801 4307 1934 4360; x_wconf 82' lang='lat' dir='ltr'><strong>add.</strong></span> <span class='ocrx_word' id='word_1_342' title='bbox 1970 4306 2132 4361; x_wconf 84' lang='lat' dir='ltr'><strong>GXR</strong></span> <span class='ocrx_word' id='word_1_343' title='bbox 2168 4307 2234 4377; x_wconf 63' lang='lat' dir='ltr'><strong>(a</strong></span> <span class='ocrx_word' id='word_1_344' title='bbox 2261 4307 2308 4359; x_wconf 92' lang='lat' dir='ltr'><strong>ti</strong></span> <span class='ocrx_word' id='word_1_345' title='bbox 2336 4325 2445 4377; x_wconf 80' lang='lat' dir='ltr'><strong>pro</strong></span> <span class='ocrx_word' id='word_1_346' title='bbox 2475 4308 2551 4362; x_wconf 73' lang='grc' dir='ltr'><strong>ἔτι</strong></span> <span class='ocrx_word' id='word_1_347' title='bbox 2581 4309 2708 4379; x_wconf 76' lang='lat' dir='ltr'><strong>HQ)</strong></span> 
     </span>
     <span class='ocr_line' id='line_1_40' title="bbox 413 4386 2637 4457; baseline 0.002 -19"><span class='ocrx_word' id='word_1_348' title='bbox 413 4391 478 4438; x_wconf 80' lang='lat'><strong>22</strong></span> <span class='ocrx_word' id='word_1_349' title='bbox 520 4386 608 4439; x_wconf 89' lang='lat' dir='ltr'><strong>his</strong></span> <span class='ocrx_word' id='word_1_350' title='bbox 651 4387 807 4441; x_wconf 83' lang='lat' dir='ltr'><strong>GXT</strong></span> <span class='ocrx_word' id='word_1_351' title='bbox 841 4387 930 4457; x_wconf 80' lang='lat' dir='ltr'><strong>(cf.</strong></span> <span class='ocrx_word' id='word_1_352' title='bbox 968 4390 1101 4454; x_wconf 81' lang='lat'><em>280,</em></span> <span class='ocrx_word' id='word_1_353' title='bbox 1123 4388 1209 4455; x_wconf 81' lang='lat'><strong>14)</strong></span> <span class='ocrx_word' id='word_1_354' title='bbox 1365 4386 1611 4456; x_wconf 89' lang='lat' dir='ltr'><strong>patrobil</strong></span> <span class='ocrx_word' id='word_1_355' title='bbox 1648 4386 1801 4455; x_wconf 89' lang='lat' dir='ltr'><strong>(-roil</strong></span> <span class='ocrx_word' id='word_1_356' title='bbox 1838 4388 1908 4454; x_wconf 89' lang='lat' dir='ltr'><strong>T)</strong></span> <span class='ocrx_word' id='word_1_357' title='bbox 1948 4389 2017 4454; x_wconf 77' lang='grc' dir='ltr'><strong>Ω,</strong></span> <span class='ocrx_word' id='word_1_358' title='bbox 2056 4404 2191 4441; x_wconf 78' lang='lat' dir='ltr'><strong>corr.</strong></span> <span class='ocrx_word' id='word_1_359' title='bbox 2232 4406 2265 4446; x_wconf 89' lang='grc' dir='ltr'><strong><em>ς</em></strong></span> <span class='ocrx_word' id='word_1_360' title='bbox 2302 4388 2637 4457; x_wconf 80' lang='lat' dir='ltr'><strong>(Sabellicus)</strong></span> 
     </span>
     <span class='ocr_line' id='line_1_41' title="bbox 411 4465 2715 4522; baseline 0.001 -3"><span class='ocrx_word' id='word_1_361' title='bbox 411 4467 750 4520; x_wconf 86' lang='lat' dir='ltr'><strong>neronianus</strong></span> <span class='ocrx_word' id='word_1_362' title='bbox 777 4469 825 4519; x_wconf 80' lang='grc' dir='ltr'><em>Τ</em></span> <span class='ocrx_word' id='word_1_363' title='bbox 847 4474 897 4521; x_wconf 83' lang='lat' dir='ltr'><strong>et</strong></span> <span class='ocrx_word' id='word_1_364' title='bbox 922 4468 1003 4521; x_wconf 77' lang='lat' dir='ltr'><strong>sie</strong></span> <span class='ocrx_word' id='word_1_365' title='bbox 1023 4466 1103 4521; x_wconf 66' lang='lat'><strong>12⁸</strong></span> <span class='ocrx_word' id='word_1_366' title='bbox 1121 4483 1255 4521; x_wconf 83' lang='lat' dir='ltr'><strong>corr.</strong></span> <span class='ocrx_word' id='word_1_367' title='bbox 1277 4484 1345 4521; x_wconf 78' lang='lat' dir='ltr'><strong>ex</strong></span> <span class='ocrx_word' id='word_1_368' title='bbox 1370 4466 1660 4520; x_wconf 78' lang='lat' dir='ltr'><strong>nei-oniam</strong></span> <span class='ocrx_word' id='word_1_369' title='bbox 1784 4465 1840 4520; x_wconf 81' lang='lat' dir='ltr'><strong>C.</strong></span> <span class='ocrx_word' id='word_1_370' title='bbox 1863 4466 2020 4520; x_wconf 88' lang='lat' dir='ltr'><strong>aurei</strong></span> <span class='ocrx_word' id='word_1_371' title='bbox 2045 4467 2095 4521; x_wconf 98' lang='lat' dir='ltr'><strong>G</strong></span> <span class='ocrx_word' id='word_1_372' title='bbox 2214 4472 2281 4520; x_wconf 78' lang='lat'><strong>23</strong></span> <span class='ocrx_word' id='word_1_373' title='bbox 2319 4467 2618 4521; x_wconf 87' lang='lat' dir='ltr'><strong>aduersum</strong></span> <span class='ocrx_word' id='word_1_374' title='bbox 2640 4469 2715 4522; x_wconf 87' lang='lat' dir='ltr'><em>M</em></span> 
     </span>
     <span class='ocr_line' id='line_1_42' title="bbox 413 4546 2390 4616; baseline 0.001 -17"><span class='ocrx_word' id='word_1_375' title='bbox 413 4552 479 4599; x_wconf 79' lang='lat'><strong>24</strong></span> <span class='ocrx_word' id='word_1_376' title='bbox 519 4563 639 4601; x_wconf 87' lang='lat' dir='ltr'><strong>sero</strong></span> <span class='ocrx_word' id='word_1_377' title='bbox 677 4564 777 4601; x_wconf 89' lang='lat' dir='ltr'><strong>om.</strong></span> <span class='ocrx_word' id='word_1_378' title='bbox 814 4548 864 4602; x_wconf 97' lang='lat' dir='ltr'><strong>G</strong></span> <span class='ocrx_word' id='word_1_379' title='bbox 1011 4552 1076 4599; x_wconf 81' lang='lat'><strong>25</strong></span> <span class='ocrx_word' id='word_1_380' title='bbox 1116 4546 1329 4601; x_wconf 87' lang='lat' dir='ltr'><strong>aurelia</strong></span> <span class='ocrx_word' id='word_1_381' title='bbox 1364 4546 1461 4601; x_wconf 90' lang='lat' dir='ltr'><strong>uia</strong></span> <span class='ocrx_word' id='word_1_382' title='bbox 1495 4547 1545 4602; x_wconf 89' lang='lat' dir='ltr'><strong>G</strong></span> <span class='ocrx_word' id='word_1_383' title='bbox 1581 4548 1811 4616; x_wconf 57' lang='lat' dir='ltr'><strong>(Eum),</strong></span> <span class='ocrx_word' id='word_1_384' title='bbox 1849 4546 2096 4601; x_wconf 85' lang='lat' dir='ltr'><strong>aureliae</strong></span> <span class='ocrx_word' id='word_1_385' title='bbox 2132 4546 2262 4602; x_wconf 88' lang='lat' dir='ltr'><strong>uiae</strong></span> <span class='ocrx_word' id='word_1_386' title='bbox 2298 4548 2390 4601; x_wconf 83' lang='lat' dir='ltr'><strong>rel.</strong></span> 
     </span>
    </p>
   </div>
  </div>
 </body>
</html>
