3325 5209
568 397 699 460 280
1270 396 1324 449 ο.
1366 395 1680 450 svs'rom
1715 395 2159 479 TRANQviLLI

496 577 526 624 2
742 559 1112 645 Regebatur
1171 559 1368 624 trium
1429 559 1725 641 arbitrie,
1788 581 1949 642 quos
2008 582 2136 624 una
2192 563 2256 625 et
2315 560 2486 623 intra
2539 558 2859 625 Palatium

564 666 915 731 habitantis
980 687 1096 730 nec
1160 688 1465 749 umquam
1530 687 1660 731 non
1727 666 2130 731 adhaerentis
2189 666 2599 752 paedagogos
2660 666 2860 752 uulgo

565 774 901 838 uocabant.
986 773 1033 836 ii
1080 777 1260 837 erant
1306 772 1375 836 Τ.
1415 771 1645 837 Vinius
1692 775 1943 859 legatus
1991 774 2127 837 eius
2180 774 2247 837 in
2294 772 2637 857 Hispania,
2689 775 2859 858 cupi-

567 880 786 944 ditatis
825 881 1198 963 immensae3
1239 879 1573 944 Cornelius
1602 879 1772 944 Laco
1812 902 1890 944 ex
1927 901 2249 944 assessore
2286 881 2648 962 praefectus
2685 903 2862 964 prae—

565 988 734 1069 torii,
772 988 1138 1072 arrogantia
1167 986 1583 1069 socordiaque
1622 987 2077 1072 intolerabilis3
2113 987 2383 1051 libertus
2410 984 2638 1069 Icelus,
2665 987 2858 1070 paulo
2919 1012 2946 1052 5

566 1098 712 1157 ante
772 1095 981 1157 anulis
1042 1094 1249 1157 aureis
1312 1098 1376 1157 et
1436 1092 1748 1157 Marciani
1820 1095 2202 1178 cognomine
2264 1098 2527 1157 ornatus
2593 1113 2668 1158 ac
2733 1094 2855 1156 iam

565 1222 850 1264 summae
916 1200 1227 1283 equestris
1292 1200 1527 1285 gradus
1591 1199 1983 1264 candidatus.
2065 1199 2168 1263 his
2229 1199 2483 1263 diuerso
2551 1199 2857 1263 uitiorum

565 1328 794 1392 genere
841 1306 1278 1392 grassantibus
1333 1306 1491 1370 adeo
1553 1328 1620 1370 se
1668 1305 2058 1370 abutendum
2116 1306 2410 1390 permisit
2456 1310 2521 1370 et
2582 1306 2859 1386 tradidit,

564 1419 637 1478 ut
682 1415 793 1477 uix
841 1414 964 1478 sibi
1025 1413 1162 1497 ipse
1210 1417 1556 1496 constaret,
1612 1414 1804 1477 modo
1853 1414 2143 1478 acerbior
2199 1414 2607 1497 parciorque,
2667 1413 2858 1477 modo

561 1520 890 1585 remissior
952 1543 1026 1586 ac
1088 1519 1532 1605 neglegentior
1597 1542 1790 1602 quam
1868 1521 2238 1584 conueniret
2311 1520 2588 1604 principi
2655 1521 2857 1583 electo
2890 1546 2946 1585 ιο

564 1633 756 1710 atque
805 1627 966 1691 illud
1011 1627 1259 1691 aetatis.

494 1749 525 1796 3
744 1732 1067 1809 Quosdam
1113 1733 1319 1798 claros
1366 1756 1441 1798 ex
1499 1738 1775 1817 utroque
1823 1734 2047 1797 ordine
2102 1734 2278 1798 uiros
2335 1733 2697 1816 suspicione
2744 1734 2858 1796 mi-

562 1841 738 1905 nima
800 1841 1122 1905 inauditos
1184 1840 1649 1905 condemnauit.
1745 1842 2040 1905 ciuitates
2097 1839 2175 1904 R.
2233 1862 2377 1904 raro
2445 1840 2646 1922 dedit,
2718 1840 2859 1902 iura

562 1948 761 2012 trium
818 1948 1167 2012 liberorum
1226 1948 1339 2010 uix
1398 1949 1511 2010 uni
1567 1952 1761 2031 atque
1823 1947 2009 2011 alteri
2071 1969 2145 2011 ac
2190 1969 2270 2010 ne
2329 1946 2382 2011 is
2431 1946 2689 2030 quidem
2733 1946 2857 2010 nisi

564 2055 645 2118 ad
681 2058 924 2119 certum
960 2054 1500 2138 praefinitumque
1536 2060 1808 2136 tempus.
1891 2053 2212 2118 iudicibus
2252 2056 2499 2116 sextam
2538 2053 2860 2117 decuriam
2889 2078 2942 2118 ιε

563 2162 729 2225 adici
791 2162 1200 2244 precantibus
1264 2183 1396 2225 non
1454 2161 1645 2225 modo
1711 2162 2004 2246 negauit,
2079 2160 2191 2223 sed
2258 2163 2325 2223 et
2388 2181 2758 2225 concessum
2824 2182 2862 2223 a

566 2267 830 2333 Claudio
878 2267 1286 2351 beneficium,
1340 2289 1421 2331 ne
1477 2267 1688 2331 hieme
1745 2268 2058 2349 initioque
2115 2266 2266 2330 anni
2324 2266 2403 2329 ad
2449 2266 2859 2331 iudicandum

461 2371 548 2437 15
569 2380 1012 2459 euocarentur,
1068 2374 1320 2459 eripuit.
1406 2374 1893 2438 existimabatur
1948 2374 2142 2437 etiam
2200 2374 2519 2437 senatoria
2565 2377 2629 2436 et
2675 2394 2861 2455 eque-

563 2483 721 2546 stria
768 2482 983 2547 officia
1027 2481 1247 2545 bienni
1294 2482 1501 2565 spatio
1542 2481 2077 2545 determinaturus
2115 2502 2234 2545 nec
2284 2481 2548 2543 daturus
2594 2480 2722 2543 nisi
2770 2481 2861 2543 in-

562 2590 714 2654 uitis
763 2611 835 2653 ac
880 2588 1340 2653 recusantibus.
1422 2588 1842 2652 liberalitates
1889 2586 2169 2651 Neronis
2221 2610 2353 2652 non
2399 2585 2545 2669 plus
2593 2586 2858 2651 decimis
2888 2611 2943 2650 20

565 2698 878 2760 concessis
925 2718 1041 2780 per
1086 2695 1555 2779 quinquaginta
1600 2695 1849 2777 equites
1906 2693 1981 2757 R.
2020 2716 2093 2757 ea
2140 2693 2512 2757 condicione
2559 2714 2860 2757 reuocan-

563 2803 674 2866 das
734 2804 986 2868 curauit
1046 2802 1543 2887 exigendasque,
1605 2805 1680 2864 ut
1735 2805 1800 2864 et
1855 2801 1908 2864 si
1957 2801 2111 2883 quid
2171 2801 2447 2864 scaenici
2508 2821 2582 2865 ac
2627 2799 2860 2883 xystici

564 2910 870 2974 donatum
910 2910 1064 2974 olim
1101 2909 1556 2991 uendidissent,
1603 2908 1963 2971 auferretur
2000 2906 2420 2990 emptoribuS,
2469 2907 2723 2989 quando
2763 2907 2855 2970 illi

417 3017 422 3021 ’
492 3028 524 3076 2
562 3018 771 3101 pretio
819 3016 1158 3100 absumpto
1214 3015 1463 3079 soluere
1517 3015 1875 3097 nequirent.
1961 3018 2027 3077 at
2079 3018 2301 3077 contra
2358 3013 2523 3077 nihil
2568 3035 2701 3078 non
2745 3035 2860 3096 per

564 3125 828 3188 comites
877 3128 1068 3206 atque
1114 3122 1380 3187 libertos
1427 3122 1635 3206 pretio
1686 3121 1896 3186 addici
1944 3125 2054 3184 aut
2105 3121 2328 3184 donari
2376 3120 2586 3206 gratia
2630 3141 2857 3203 passus
2888 3145 2941 3185 25

562 3237 686 3315 est,
731 3232 1075 3316 uectigalia
1129 3231 1592 3311 immunitateS,
1651 3250 1891 3310 poenas
1946 3228 2387 3292 innocentium
2441 3225 2857 3310 impunitates

560 3341 918 3403 noxiorum.
1003 3338 1159 3421 quin
1207 3337 1399 3400 etiam
1445 3335 1689 3419 populo
1745 3334 1820 3398 R.
1860 3335 2238 3417 deposcente
2295 3333 2684 3416 supplicium
2731 3332 2859 3396 Ha-

561 3446 681 3510 loti
728 3450 793 3509 et
829 3445 1121 3529 Tigillini
1159 3443 1330 3507 solos
1369 3464 1446 3505 ex
1486 3442 1782 3506 omnibus
1819 3440 2099 3505 Neronis
2139 3440 2485 3504 emissariis
2522 3439 2626 3503 uel
2665 3439 2858 3503 male-

560 3552 1011 3618 ficentissimos
1050 3549 1402 3615 incolumes
1441 3549 1765 3633 praestitit
1813 3553 2003 3631 atque
2051 3548 2313 3631 insuper
2349 3545 2661 3611 Halotum
2711 3568 2857 3630 pro·

706 3787 734 3832 1
777 3781 930 3848 Epit.
974 3785 1024 3845 6,
1053 3784 1090 3833 2
1127 3778 1298 3831 trium
1337 3778 1643 3831 amicorum
1683 3776 1944 3842 consilio,
1995 3775 2054 3828 id
2094 3777 2179 3830 est
2215 3774 2413 3828 Vinnii
2455 3776 2552 3844 (sic
2588 3774 2760 3839 codd„
2798 3782 2857 3827 at

560 3861 717 3916 Vinii
744 3862 1050 3930 Laudem),
1090 3858 1330 3913 Cornelii
1369 3860 1427 3912 et
1462 3857 1595 3910 Iceli
1634 3859 1837 3911 cuncta
1868 3856 2184 3925 disponens,
2224 3856 2364 3909 adeo
2405 3858 2471 3909 ut
2507 3855 2657 3908 intra
2693 3854 2856 3908 Pala-

562 3943 709 3996 tinas
749 3941 915 3995 aedes
953 3939 1167 4009 pariter
1203 3938 1531 3992 habitarent
1568 3941 1626 3992 et
1663 3937 1836 4006 uulgo
1873 3936 2196 4006 paedagogi
2235 3936 2569 3990 dicerentur.

705 4145 734 4191 3
775 4138 961 4191 iunius
998 4140 1057 4204 Τ,
1094 4135 1282 4188 lunius
1313 4135 1463 4189 PST
1486 4136 1572 4203 (cf.
1598 4136 1704 4188 Vit.
1731 4138 1781 4200 7,
1804 4136 1855 4202 1)
2032 4138 2062 4186 5
2102 4131 2479 4200 superbiaque
2519 4131 2857 4186 Cornelissen

563 4220 889 4288 (yemtiuum
908 4219 1125 4272 mauult
1149 4217 1395 4285 Bentley)
1499 4222 1526 4267 7
1550 4213 1755 4267 summi
1776 4231 1807 4272 ς
1830 4214 2108 4281 (Gasaub.)
2214 4219 2279 4266 13
2302 4211 2594 4266 ciuitatem
2604 4214 2666 4264 11
2671 4211 2756 4281 Ὦ,
2786 4213 2852 4279 cf.

563 4299 791 4367 Au9.40
808 4316 861 4365 p.
877 4303 1042 4363 75,14
1146 4303 1211 4348 14
1231 4296 1280 4349 is
1302 4297 1388 4362 M,
1407 4295 1496 4348 his
1519 4295 1648 4364 (hiis
1670 4297 1739 4362 T)
1759 4296 1852 4348 rel.
1876 4295 2089 4364 (aula),
2109 4293 2179 4359 cf.
2192 4296 2472 4360 p 283,22
2563 4296 2630 4344 20
2650 4291 2856 4346 libera-

561 4373 742 4428 litatis
764 4379 838 4431 Μ
942 4384 1007 4430 22
1030 4378 1119 4447 ac]
1141 4379 1241 4430 aut
1259 4377 1561 4445 113(uu19.,
1582 4376 1750 4444 Roth)
1859 4380 1928 4426 24
1957 4390 2067 4428 non
2088 4391 2189 4427 om.
2215 4373 2266 4425 G
2376 4377 2442 4426 25
2465 4370 2618 4425 adici
2638 4372 2785 4424 ΧΝδ

562 4453 705 4506 lucri
735 4462 860 4523 post
903 4457 1091 4526 gratia
1127 4458 1253 4511 add.
1290 4457 1341 4511 G
1521 4462 1588 4508 26
1625 4455 2007 4508 innocentium
2037 4455 2230 4519 HRN,
2278 4452 2601 4505 nocentium
2636 4452 2729 4504 rel.
2760 4452 2853 4519 (Ω)

564 4538 631 4584 27
672 4533 1005 4602 deposcente
1032 4537 1216 4606 HQN,
1258 4536 1582 4604 deposcenti
1619 4538 1715 4590 rel.
1748 4536 1840 4603 (Ω)
