3325 5209
1073 2730 1157 2815 O.
1227 2728 1667 2815 SVETONI
1733 2729 2378 2834 TRANQVILLI‘

925 2903 1128 3000 DE
1194 2901 1572 2997 VITA
1649 2899 1935 2998 (ΒΑΕ
1978 2900 2493 3002 SARVM

1548 3109 1766 3162 LIBER
1800 3109 1879 3162 111

1416 3256 2008 3339 TIBERIVS

480 3452 519 3519 l
740 3453 1020 3518 Patricia
1067 3474 1224 3536 gens
1275 3449 1537 3514 Claudia
1585 3488 1668 3494 —
1717 3450 1843 3513 fuit
1899 3452 2070 3515 enim
2119 3455 2182 3516 et
2234 3453 2359 3517 alia
2404 3453 2681 3538 plebeia,
2740 3479 2859 3520 nec

559 3561 853 3645 potentia
906 3559 1120 3622 minor
1174 3578 1291 3621 nec
1339 3543 1652 3642 dig'nitate
1699 3595 1787 3602 —
1834 3561 1974 3621 orta
2031 3561 2126 3622 est
2174 3581 2251 3622 ex
2296 3559 2569 3646 Regillis
2619 3562 2857 3647 oppido

559 3666 965 3732 Sabinorum.
1066 3664 1211 3728 inde
1268 3663 1543 3728 Romam
1593 3685 1813 3728 recens
1879 3664 2203 3729 conditam
2260 3687 2405 3730 cum
2460 3690 2692 3753 magna
2748 3669 2857 3734 cli-

555 3774 804 3840 entium
843 3795 1037 3837 manu
1075 3770 1507 3856 conmigrauit
1545 3773 1808 3835 auctore
1846 3769 1993 3834 Tito
2028 3770 2213 3835 Tatio
2253 3779 2547 3838 consorte
2575 3773 2859 3858 Romuli,

555 3881 689 3967 uei,
749 3881 922 3964 quod
970 3878 1176 3963 magis
1225 3881 1501 3959 constat,
1556 3876 1716 3940 Atta
1766 3875 2030 3942 Ciaudio
2079 3880 2291 3964 gentis
2338 3880 2653 3965 principe,
2708 3887 2857 3966 post
2910 3912 2935 3952 5

554 4011 738 4074 reges
805 3991 1062 4052 exactos
1121 3987 1300 4048 sexto
1360 3984 1493 4048 fere
1549 4006 1744 4068 ann03
1810 3988 2000 4067 atque
2057 3986 2122 4048 in
2188 3986 2490 4069 patricias
2556 3992 2856 4072 cooptata

553 4116 783 4180 agrum
850 4096 1113 4178 insuper
1177 4097 1350 4154 trans
1407 4089 1722 4154 Anienem
1787 4092 2129 4157 clientibus
2193 4094 2536 4176 locumque
2592 4095 2716 4158 sibi
2774 4095 2853 4159 ad

699 4291 729 4336 3
776 4302 975 4356 regens
1017 4288 1090 4339 M
1102 4286 1196 4339 Ge?
1246 4285 1325 4351 (in
1368 4283 1418 4337 G
1463 4300 1598 4337 corr.
1646 4301 1717 4336 m.
1765 4284 2046 4353 antiqua),
2097 4287 2347 4339 recenter
2386 4286 2467 4339 L²
2612 4293 2642 4339 ὃ
2691 4287 2850 4357 Atta]

551 4365 697 4420 tatio
739 4367 890 4435 (-cio)
936 4369 982 4418 Τ
1127 4372 1157 4417 6
1199 4364 1392 4434 atque]
1442 4379 1474 4415 a
1511 4362 1769 4431 patribus
1816 4361 1901 4431 T'‚
1950 4366 2121 4431 atque
2160 4382 2192 4417 a
2230 4365 2489 4433 patribus
2530 4365 2608 4418 Ρ*
2750 4382 2850 4434 pa-

550 4445 747 4499 tricios
785 4449 846 4499 H
859 4447 905 4516 Q
1051 4447 1316 4513 coaptata
1356 4448 1432 4511 Ω,
1472 4461 1607 4498 corr.
1646 4444 1710 4496 in
1748 4461 1780 4502 ς
1819 4447 1867 4511 (ε
1905 4450 2031 4498 teste
2060 4445 2517 4515 Preud’hommio)
2547 4446 2626 4500 ed.
2671 4447 2797 4500 I'en.
2820 4448 2862 4499 I

549 4531 582 4578 7
623 4525 877 4580 enienem
919 4526 981 4591 V,
1021 4542 1241 4578 amnem
1284 4525 1330 4577 G
1477 4523 1779 4590 lucumque
1824 4527 1872 4576 Τ
