3325 5209
1336 345 1749 408 PRAEFATIO
2560 346 2689 401 XXI

398 518 666 576 confecta
721 520 837 589 est,
898 516 1133 576 abunde
1184 508 1480 597 patet.'¹)-
1552 534 1672 592 qua
1727 515 2045 575 collatione
2101 517 2274 590 satiS‚
2318 519 2388 576 ut
2432 517 2687 592 uidetur,

398 608 673 667 accurata
737 606 1053 683 diligenter
1116 607 1457 664 examinata
1519 605 1645 665 sine
1711 605 1925 663 damno
1981 606 2216 683 neglegi
2269 624 2441 681 posse
2488 608 2689 682 patuit

397 695 616 753 librum
671 694 845 754 modo
904 713 1037 753 cum
1088 695 1136 769 Q
1181 686 1361 776 (HQ)
1416 694 1591 753 modo
1646 713 1782 753 cum
1830 695 1899 751 H
1937 686 2150 774 (HR),
2209 697 2402 755 rarius
2449 713 2583 755 cum
2629 697 2687 756 R

395 785 729 858 facientem,
772 786 837 841 in
874 785 1218 842 uniuersum
1257 784 1457 843 autem
1504 785 1728 858 optime
1775 802 1909 841 cum
1952 785 2008 840 Y
2046 786 2466 844 concinentem.
2481 777 2532 866 ²)
2599 803 2687 845 se-

396 876 662 949 quuntur
689 891 838 933 saec.
858 872 1006 931 ΧΠ]
1034 875 1244 948 scripti
1272 872 1396 931 cod.
1419 870 1926 950 Cantabrigiensis
1946 871 2041 930 Kk
2064 865 2302 954 5‚243)3
2338 874 2515 933 Laur.
2540 876 2684 950 64‚8

397 954 720 1043 (Mediceus
795 962 1087 1021 secundus
1153 953 1467 1043 Gronovii)
1478 954 1559 1043 4);
1631 961 1810 1020 Laur.
1858 981 1902 1021 s.
1964 960 2163 1020 Crucis
2228 962 2377 1038 plut.
2429 965 2511 1023 20
2576 964 2682 1023 sin.

393 1050 518 1111 cod.
557 1042 733 1132 111⁶)
827 1050 1116 1110 accedunt
1161 1053 1339 1126 pauci
1384 1051 1606 1110 saeculi
1650 1049 1809 1123 XIV,
1856 1050 2104 1125 plurimi
2148 1050 2274 1111 XV.

570 1140 782 1201 Restat
820 1139 1135 1219 ambiguae
1173 1141 1623 1215 incertiorisque
1661 1139 1802 1197 fidei
1838 1139 1991 1197 liber
2023 1132 2134 1222 (ὃ),
2166 1160 2343 1215 quem
2381 1140 2443 1199 in
2479 1142 2682 1201 melio·
2713 1144 2749 1204 ὃ

388 1249 525 1288 rum
569 1247 816 1289 numero
863 1229 1043 1287 habet
1088 1228 1567 1302 Preud'homme,
1626 1248 1745 1287 non
1800 1232 2004 1288 tacens
2059 1229 2296 1306 quidem
2343 1232 2468 1289 eius
2515 1233 2687 1306 uitia,

387 1338 542 1394 quae
593 1321 788 1378 totum
835 1319 1274 1395 interpolatum
1322 1321 1784 1394 corruptumque
1833 1319 2116 1378 euincunt
2128 1310 2197 1399 ⁶),
2245 1318 2346 1377 sed
2392 1321 2455 1377 in
2494 1323 2685 1379 maius

383 1409 642 1469 uirtutes
691 1425 842 1483 quae
889 1407 1209 1467 creduntur
1255 1408 1543 1466 extollens
1597 1410 1771 1466 tanto
1828 1426 2032 1483 opere,
2095 1411 2167 1466 ut
2222 1408 2298 1466 ad
2343 1410 2687 1484 antiquissi-

385 1517 557 1555 mum
593 1498 894 1573 exemplar
929 1498 1139 1556 referri
1175 1516 1309 1555 eum
1346 1488 1568 1577 uelit.⁷)
1643 1500 1734 1555 est
1773 1499 1973 1556 autem
2010 1495 2134 1556 cod.
2169 1496 2474 1556 Parisinus
2514 1500 2686 1560 5804

386 1605 542 1646 saec.
570 1585 681 1646 XV
719 1579 992 1667 (ineunte
1038 1591 1108 1644 ut
1152 1577 1418 1665 uidetur)
1429 1578 1486 1665 8)
1531 1584 1807 1661 scriptuS,
1854 1605 2029 1662 quem
2074 1586 2292 1644 mirum
2335 1588 2399 1644 in
2445 1588 2688 1646 modum

389 1693 529 1734 cum
565 1675 924 1734 Memmiano
971 1676 1167 1734 facere
1212 1677 1335 1733 iam
1373 1675 1626 1733 Rothius
1673 1674 1830 1733 uidit
1874 1693 2066 1750 neque
2111 1678 2313 1734 tamen
2350 1679 2689 1736 accuratius

383 1763 845 1823 examinandum
893 1767 1151 1839 putauit,
1196 1764 1261 1823 id
1307 1764 1468 1840 quod
1505 1764 1649 1823 fecit
1685 1763 2150 1825 Preud'homme.
2223 1765 2319 1822 cui
2356 1764 2687 1825 adsentien-

386 1853 536 1911 dum
581 1853 823 1913 uidetur
867 1873 986 1913 non
1031 1872 1205 1929 posse
1251 1853 1512 1913 codicem
1558 1873 1627 1912 ex
1673 1854 1805 1929 ipso
1852 1853 1934 1912 M
1982 1852 2343 1929 descriptum
2390 1873 2529 1914 esse.
2624 1859 2692 1914 at

382 1942 520 2001 fieri
573 1945 772 2019 potest
828 1947 896 2002 ut
952 1963 1022 2002 ex
1066 1943 1411 2002 Memmiani
1467 1942 1587 2000 iam
1642 1943 1835 2003 altera
1889 1961 2070 2002 manu
2127 1942 2423 2002 emendati
2435 1935 2486 2020 ⁹)
2544 1964 2686 2019 apo-

382 2031 617 2110 grapho
664 2034 925 2090 manarit
972 2036 1234 2092 correcto
1284 2031 1360 2092 ad
1399 2032 1563 2090 aliud
1610 2032 1958 2107 exemplum.
2050 2031 2201 2090 mihi
2246 2033 2686 2093 contaminatus

380 2123 554 2180 uisus
609 2124 700 2179 est
754 2124 816 2178 et
869 2119 943 2178 ob
998 2120 1062 2179 id
1108 2125 1417 2197 suspectae
1463 2120 1615 2180 fidei.
1707 2141 1896 2198 neque
1944 2122 2098 2180 enim
2148 2140 2282 2179 cum
2326 2120 2401 2180 iis
2447 2125 2685 2181 tantum

379 2210 586 2284 libris,
650 2228 801 2285 quos
847 2210 1121 2268 meliores
1177 2210 1325 2268 dicit
1377 2209 1825 2269 Preud'homme
1874 2203 1977 2291 (M
1983 2210 2103 2269 GX
2112 2202 2158 2291 ')
2173 2201 2278 2290 ¹⁰),
2343 2210 2442 2268 sed
2499 2213 2685 2270 etiam

380 2318 523 2359 eum
569 2299 760 2359 altera
805 2299 991 2358 classe
1038 2291 1157 2379 (Y)
1173 2290 1250 2378 ll)
1297 2300 1607 2358 consentit.
1701 2302 1814 2359 etsi
1860 2320 1978 2359 non
2027 2317 2245 2375 omneS,
2291 2300 2438 2359 satis
2483 2303 2686 2359 tamen

570 2506 623 2572 1)
658 2503 723 2557 In
761 2503 867 2557 fine
902 2503 1164 2558 ‘Sidonii’
1196 2520 1392 2556 uersus
1421 2503 1688 2573 leguntur
1716 2506 1801 2570 (ut
1837 2504 1893 2556 in
1928 2506 2029 2574 Π),
2068 2505 2429 2573 sequiturque
2460 2519 2685 2560 carmen

381 2575 747 2629 notissimum
799 2574 908 2629 CIL
946 2575 1022 2628 ΙΠ
1069 2580 1208 2628 3676
1260 2574 1580 2643 (Bracheia,
1632 2573 1811 2628 Carm.
1866 2575 2040 2647 epigr.
2093 2580 2235 2646 427).
2311 2576 2551 2632 collatus
2602 2579 2691 2631 est

383 2664 519 2701 cum
558 2647 644 2699 ed.
675 2645 911 2700 Schildii
951 2664 999 2699 a.
1032 2652 1187 2699 1667.

568 2720 620 2786 2)
661 2718 844 2771 Attuli
872 2717 1142 2771 lectiones
1173 2718 1246 2771 ad
1276 2722 1431 2784 5632
1464 2720 1520 2771 et
1551 2722 1760 2785 170,15.
1824 2717 1984 2772 utilis
2015 2717 2122 2771 erit
2150 2719 2203 2772 ei
2233 2720 2330 2787 qui
2358 2720 2419 2773 in
2447 2723 2688 2774 stemma

384 2789 647 2843 codicum
682 2791 730 2842 T
762 2790 1043 2857 inquirere
1081 2789 1252 2842 uolet.

569 2863 621 2929 3)
659 2860 879 2913 Bentlei
920 2861 1043 2913 ‘ms.
1082 2860 1334 2953 episcopi
1372 2859 1635 2915 Eliensis’
1679 2860 2146 2928 (Preud'homme,
2196 2861 2472 2915 Premiere
2517 2863 2688 2916 etude

382 2950 442 3001 p.
475 2936 580 2984 310
602 2935 760 3000 sqq.).
827 2931 1067 2985 contulit
1104 2930 1494 3003 bhuckburgh.
1558 2932 1807 3001 proxime
1848 2932 2065 2985 accedit
2102 2933 2180 2990 ad
2218 2933 2264 3003 Q
2290 2933 2481 3004 (H¹Q)·

568 3004 622 3071 4)
661 3002 951 3057 Correctus
988 3022 1060 3056 m.
1092 3010 1123 3057 2
1163 3004 1236 3056 ad
1274 3003 1510 3071 exempl.
1540 3006 1607 3070 Χ,
1645 3002 1831 3056 affinis
1870 3007 1941 3057 Π.
2593 3043 2596 3044 ⁷

570 3078 623 3143 5)
663 3073 915 3143 Scriptus
961 3075 1152 3143 potius
1191 3092 1335 3128 saec.
1364 3074 1490 3127 XIV
1527 3075 1758 3130 ineunte
1807 3092 1874 3128 ex
1926 3074 2334 3142 antiquissimis
2372 3079 2458 3128 est
2496 3092 2686 3129 eorum

387 3144 491 3214 qui
527 3164 581 3214 p.
613 3151 804 3212 334,Ῑὸ
842 3145 1136 3215 uulgatam
1174 3146 1473 3200 lectionem
1511 3164 1695 3200 uanae
1732 3149 1853 3215 (pro
1890 3148 2105 3215 uariae)
2144 3144 2424 3200 exhibent.

567 3220 619 3286 6)
660 3216 962 3271 Troisieme
1003 3218 1170 3271 etude
1209 3236 1263 3286 p.
1295 3222 1362 3270 35
1385 3235 1466 3286 sq.
1532 3218 2033 3287 interpolationum
2082 3216 2336 3285 exempla
2380 3217 2553 3273 habes
2602 3237 2684 3272 ex,

383 3306 470 3356 gr.
510 3288 582 3341 ad
619 3306 674 3356 p.
706 3294 861 3356 2633
893 3293 1013 3355 28,8
1044 3294 1201 3355 32,18
1233 3293 1390 3356 68,18
1422 3294 1538 3356 72,1
1574 3294 1729 3356 133,5
1764 3294 1917 3356 199‚9
1947 3294 2157 3354 346‚13.
2225 3287 2294 3342 cf.
2323 3291 2545 3357 praeter
2573 3289 2689 3343 alia

384 3359 560 3413 etiam
600 3364 721 3426 36,8
759 3361 1037 3415 decimam.
1087 3361 1209 3414 Nos
1246 3361 1325 3429 (in
1359 3363 1433 3415 M
1465 3361 1545 3414 sic
1585 3361 1857 3429 scriptum
1895 3361 2104 3414 decima
2142 3361 2297 3429 Nos).

569 3434 619 3500 7)
662 3430 730 3484 ‘n
767 3431 976 3486 semble
1006 3431 1138 3484 bien
1176 3450 1283 3500 que
1313 3434 1374 3487 D
1402 3432 1485 3499 (id
1522 3433 1610 3485 est
1646 3435 1700 3501 ὃ)
1740 3435 1836 3485 eut
1873 3449 2015 3499 pour
2043 3433 2267 3485 ancetre
2295 3449 2372 3483 un
2411 3430 2687 3485 excellent

382 3502 713 3570 manuscrit,
749 3503 1134 3571 independant
1172 3504 1241 3558 de
1270 3507 1324 3558 A
1354 3504 1434 3572 (id
1471 3506 1558 3556 est
1586 3504 1680 3572 M)
1718 3506 1777 3558 et
1813 3506 1991 3555 meme
2030 3502 2158 3571 plus
2198 3503 2396 3555 ancien
2434 3519 2541 3569 que
2578 3502 2684 3556 lui’

386 3578 460 3643 (p.
494 3577 597 3642 37).
664 3574 988 3644 scrupulum
1025 3575 1190 3628 inicit
1226 3575 1320 3628 uel
1365 3575 1582 3629 numeri
1628 3593 1683 3644 p.
1718 3580 1834 3642 133
1877 3574 2102 3628 omissio
2150 3590 2276 3626 cum
2313 3573 2553 3627 lectione
2589 3591 2686 3628 no-

385 3647 543 3699 miua
581 3647 658 3713 (X
687 3688 698 3699 .

567 3719 619 3784 8)
705 3717 899 3769 xeunti
927 3716 1056 3770 XIV
1094 3717 1295 3771 tribuit
1339 3716 1782 3771 Preud'homme.
1852 3716 1964 3770 Fol.
2000 3721 2064 3769 18
2107 3717 2337 3785 ‘Incipit
2383 3717 2518 3771 liber
2554 3716 2685 3771 Sue·

384 3789 528 3841 ionii
567 3790 884 3857 transquilli
911 3789 977 3842 de
1003 3792 1165 3858 yestis
1194 3806 1438 3843 cesarum
1464 3789 1695 3854 feliciter
1725 3830 1736 3840 .
1771 3830 1782 3840 .
1815 3830 1826 3840 .
1856 3788 2085 3842 Auuum
2114 3806 2279 3858 ayens
2306 3795 2516 3842 scaetum
2544 3789 2684 3842 dcci-

384 3859 555 3912 mum'
599 3861 721 3926 etc.‚
760 3859 993 3929 explicit
1029 3860 1125 3913 fol.
1160 3866 1277 3914 131.
1342 3859 1530 3928 plures
1568 3863 1759 3928 partes
1799 3859 2157 3913 interierunt:
2198 3864 2317 3926 473
2357 3860 2471 3914 dies
2506 3877 2685 3927 usque

387 3934 546 3997 50‚19
595 3932 944 3997 crudissimo,
996 3935 1150 3998 9436
1199 3932 1479 3985 inuidiam
1528 3948 1707 3999 usque
1756 3936 1908 3997 9831
1959 3933 2263 3985 lactuculae
2309 3930 2388 3998 (in
2426 3933 2461 3984 ὃ
2507 3931 2686 3985 conti-

387 4004 636 4055 nuantur
671 4004 1029 4058 lauticiarum
1067 4009 1116 4057 et
1151 4004 1413 4083 hyrsum),
1453 4007 1644 4068 268,14
1676 4004 1839 4056 etiam
1868 4020 2014 4070 poue
2049 4019 2226 4070 usque
2266 4007 2422 4068 271,3
2463 4004 2683 4057 Liuiae.

388 4103 455 4112 —-
508 4077 769 4142 excerpta
824 4074 1128 4128 Cuiaciana
1181 4075 1315 4128 inde
1378 4074 1601 4127 fluxisse
1657 4073 2081 4127 Preud'homme
2139 4072 2463 4141 (Deuxieme
2517 4075 2686 4127 etude

387 4160 444 4211 p.
473 4148 596 4213 549)
633 4146 871 4214 probare
911 4146 1144 4199 studuit.

569 4219 619 4284 9)
657 4216 839 4269 Multa
882 4234 1101 4283 eorum,
1154 4234 1297 4284 quae
1345 4217 1441 4271 Μ’
1492 4218 1731 4270 correxit
1780 4215 1872 4269 uel
1924 4216 2252 4285 adscripsit,
2306 4217 2558 4282 exhibet;
2611 4216 2681 4270 cf.

389 4301 445 4352 p.
476 4290 596 4353 233
636 4293 755 4354 736
795 4293 878 4354 83
921 4293 1075 4354 11,12
1118 4294 1273 4355 1134
1317 4293 1450 4356 183.
1517 4289 1654 4341 item
1693 4288 1909 4357 glossas
1949 4288 2007 4340 in
2053 4289 2330 4358 margine:
2377 4290 2506 4342 silla
2545 4305 2684 4342 mor-

392 4362 536 4424 tuus,
574 4375 723 4414 cesar
760 4366 966 4428 captus,
1005 4367 1300 4427 quc-ctorem
1338 4361 1579 4429 appellat
1615 4377 1847 4414 cesarem
1886 4359 1955 4413 al.

534 4431 619 4496 10)
660 4429 892 4499 Saepius
931 4447 1058 4482 cum
1095 4434 1152 4483 X
1184 4430 1318 4484 solo:

538 4503 623 4568 11)
663 4499 742 4555 Of.
780 4519 834 4570 p.
868 4506 987 4568 203
1028 4507 1183 4570 503²
1234 4508 1352 4569 763
1403 4506 1488 4570 (en
1526 4505 1626 4571 ait)
1679 4507 1833 4571 127‚8
1885 4508 2074 4568 14s‚24
2127 4508 2279 4570 150‚9
2331 4508 2483 4568 158,6
2527 4506 2681 4567 177‚6
