3325 5209
598 375 723 439 156
1296 372 1351 427 G.
1393 371 1708 427 SVETONI
1744 371 2189 437 TRANQVILLI

596 536 802 602 nihilo
862 538 1145 603 securior
1200 541 1311 600 aut
1366 536 1763 600 constantior
1816 557 1931 620 per
1985 558 2219 600 nouem
2265 536 2595 619 proximos
2642 557 2895 601 menses

599 666 730 709 non
777 665 1071 731 egressus
1119 647 1216 707 est
1261 641 1437 727 uilla,
1485 664 1646 727 quae
1693 645 1963 707 uocatur
2006 640 2201 707 IoniS.

485 748 583 814 66
774 750 1066 817 Vrebant
1111 750 1374 834 insuper
1418 749 1674 813 anxiam
1721 753 1998 814 mentem
2046 748 2228 814 uaria
2263 748 2546 833 undique
2585 747 2893 832 conuicia,

592 858 770 923 nullo
837 879 969 923 non
1034 858 1479 921 damnatorum
1547 878 1737 921 omne
1801 857 2026 940 probri
2089 877 2290 942 genus
2347 877 2563 921 coram
2619 856 2725 920 uel
2781 878 2897 939 per

595 965 853 1031 libellos
901 965 969 1028 in
1017 964 1345 1029 orchestra
1389 964 1638 1048 positos
1686 964 2034 1050 ingerente.
2120 963 2356 1047 quibus
2398 963 2654 1048 quidem
2697 962 2899 1027 diuer-
2955 988 2987 1029 5

596 1072 845 1137 sissime
903 1072 1347 1152 adficiebatur,
1404 1071 1595 1135 modo
1652 1075 1728 1135 ut
1782 1093 1937 1156 prae
1991 1072 2238 1155 pudore
2294 1070 2522 1158 ignota
2579 1075 2645 1134 et
2700 1070 2902 1134 celata

597 1183 826 1244 cuncta
875 1182 1155 1263 cuperet,
1200 1199 1686 1261 nonnumquam
1738 1178 1958 1242 eadem
2005 1183 2258 1244 contem
2268 1182 2449 1243 neret
2486 1182 2552 1243 et
2586 1178 2902 1262 proferret

592 1285 764 1351 ultro
813 1290 1006 1368 atque
1052 1285 1366 1371 uulgaret.
1452 1284 1608 1367 quin
1646 1288 1712 1348 et
1747 1283 2063 1349 Artabani
2103 1284 2497 1348 Parthorum
2532 1285 2704 1369 regis
2740 1283 2900 1348 lace-

592 1397 769 1458 ratus
817 1397 915 1457 est
960 1391 1196 1456 litteris
1243 1391 1587 1475 parricidia
1627 1395 1692 1455 et
1732 1391 1957 1456 caedes
1997 1396 2063 1455 et
2100 1391 2428 1477 ignauiam
2469 1395 2532 1455 et
2576 1391 2896 1455 luxuriam

593 1498 931 1577 obicientis
978 1499 1452 1582 monentisque,
1508 1502 1582 1562 ut
1614 1497 1999 1562 uoluntaria
2042 1503 2248 1563 morte
2295 1498 2579 1562 maximo
2626 1498 2896 1561 iustissi·
2926 1523 2985 1563 ιο

484 1600 574 1666 67
595 1627 828 1688 moque
886 1605 1127 1683 ciuium
1191 1605 1338 1669 odio
1400 1626 1593 1687 quam
1653 1605 1933 1688 primum
2000 1606 2156 1669 satis
2221 1605 2476 1670 faceret.
2567 1609 2895 1689 postremo
3005 1664 3016 1675 ,

592 1716 793 1777 semet
848 1713 987 1795 ipse
1043 1716 1404 1796 pertaesuS,
1460 1710 1670 1795 tali[s]
1726 1710 2040 1795 epistulae
2098 1712 2417 1796 principio
2464 1715 2720 1775 tantum
2763 1734 2895 1776 non

591 1830 907 1884 summam
957 1819 1273 1883 malorum
1320 1839 1580 1882 suorum
1620 1818 1952 1902 professus
1991 1823 2115 1883 est:
2163 1818 2345 1903 quid
2390 1819 2718 1883 scribam
2763 1840 2895 1883 uo-

589 1926 735 2010 bis,
798 1949 860 2010 p.
909 1948 987 2009 c.,
1051 1930 1182 1990 aut
1237 1946 1382 2010 quo
1439 1925 1657 1989 modo
1726 1925 2083 2010 scribam,
2147 1929 2278 1989 aut
2347 1926 2529 2009 quid
2588 1927 2893 1990 omnino

591 2054 740 2096 non
787 2033 1116 2097 scribam
1161 2032 1305 2098 hoc
1352 2037 1721 2115 tempore,
1769 2031 1876 2096 dii
1922 2054 2032 2095 me
2081 2031 2412 2116 deaeque
2459 2034 2680 2116 peius
2727 2056 2981 2117 per-15

590 2139 770 2204 dant
817 2162 1034 2222 quam
1083 2139 1370 2204 cotidie
1416 2139 1670 2223 perire
1718 2139 1998 2218 senti0,
2046 2140 2111 2202 si
2157 2140 2336 2203 sci0.

519 2258 550 2305 2
767 2245 1160 2310 Existimant
1198 2246 1457 2329 quidam
1495 2246 1847 2329 praescisse
1884 2245 2043 2310 haec
2080 2268 2225 2309 eum
2263 2247 2496 2329 peritia
2523 2246 2891 2310 futurorum

587 2374 662 2417 ac
706 2352 911 2417 multo
961 2357 1128 2437 ante,
1175 2356 1415 2435 quanta
1461 2374 1528 2416 se
1576 2352 1960 2437 quandoque
2007 2352 2321 2417 acerbitas
2360 2357 2426 2418 et
2463 2353 2730 2417 infamia
2764 2374 2892 2416 ma-

588 2463 793 2539 neret,
857 2460 1292 2544 prospexisse3
1356 2457 2198 2551 ideoquefut-imperium
2253 2460 2496 2543 inierit,
2562 2464 2626 2523 et
2688 2459 2891 2544 patris

587 2566 834 2648 patriae
881 2566 1494 2650 appellationemfet
1547 2588 1628 2631 ne
1675 2567 1743 2630 in
1790 2571 1932 2631 acta
1977 2566 2110 2632 sua*
2146 2568 2465 2633 iuraretur
2522 2567 2889 2632 obstinatis·
2917 2590 2977 2630 so

589 2672 746 2736 sime
792 2695 1140 2756 recusasse,
1194 2695 1276 2737 ne
1327 2696 1477 2737 mox
1533 2674 1774 2738 maiore
1832 2674 2137 2739 dedecore
2194 2674 2401 2758 impar
2448 2675 2645 2739 tantis
2692 2676 2893 2739 hono-

525 2791 556 2839 3
594 2779 771 2843 ribus
819 2780 1233 2844 inueniretur.
1320 2779 1492 2863 quod
1531 2802 1683 2846 sane
1731 2802 1810 2844 ex
1848 2782 2137 2846 oratione
2176 2782 2331 2865 eius,
2379 2804 2570 2865 quam
2611 2782 2687 2845 de
2722 2786 2894 2846 utra-

591 2907 717 2968 que
765 2908 832 2949 re
878 2886 1125 2970 habuit,
1164 2888 1386 2973 colligi
1423 2892 1666 2971 potest3
1712 2888 1818 2951 uel
1857 2908 2001 2951 cum
2041 2888 2157 2952 ait:
2208 2887 2538 2952 similem
2584 2911 2661 2952 se
2707 2911 2892 2953 sem-

588 3013 722 3075 per
768 2994 885 3057 sui
930 2994 1274 3058 futurum
1320 3016 1454 3058 nec
1500 3017 1849 3077 umquam
1898 2999 2367 3059 mutaturum
2405 3017 2649 3061 mores
2689 3017 2893 3079 suos,

591 3122 808 3182 quam
876 3100 1002 3164 diu
1068 3122 1292 3166 sanae
1356 3102 1635 3165 mentis
1702 3102 2010 3188 fuisset3
2078 3103 2204 3167 sed
2270 3102 2599 3185 exempli
2666 3123 2891 3166 causa
2919 3124 2975 3164 25

594 3207 1008 3271 cauendum
1064 3230 1253 3291 esse,
1309 3229 1398 3271 ne
1447 3229 1522 3272 se
1570 3212 1881 3272 senatus
1929 3210 2004 3273 in
2051 3214 2221 3273 acta
2267 3210 2714 3292 cuiusquam
2762 3208 2891 3273 ob-

592 3313 907 3398 ligaret,
957 3315 1136 3397 quia
1181 3314 1441 3397 aliquo
1492 3336 1669 3378 casu
1714 3316 1994 3379 mutari
2040 3320 2320 3399 posset.
2405 3320 2469 3381 et
2514 3338 2760 3381 rursus:

521 3430 553 3476 4
773 3417 850 3483 Si
908 3422 1208 3503 quando
1266 3426 1542 3504 autem,
1596 3422 1836 3504 inquit,
1893 3422 1979 3485 de
2035 3423 2373 3487 moribus
2430 3424 2616 3488 meis
2666 3424 2891 3487 deuo-

592 3529 821 3610 toque
868 3525 1082 3590 uobis
1130 3528 1378 3591 animo
1419 3528 2000 3612 dubitaueritiS,
2049 3566 2133 3574 —
2173 3529 2374 3611 quod
2410 3531 2623 3613 prius
2672 3552 2890 3613 quam

592 3633 924 3713 eueniat,
974 3638 1155 3717 opto
1201 3638 1285 3698 ut
1330 3656 1441 3697 me
1488 3656 1886 3718 supremus
1945 3635 2103 3699 dies
2161 3635 2338 3699 huic
2384 3641 2718 3700 mutatae
2765 3659 2888 3701 ue-
2917 3659 2974 3699 ao

593 3768 635 3775 .-

733 3841 763 3887 2
802 3834 947 3887 iouis
977 3836 1113 3893 1233
1149 3835 1266 3889 edd.
1299 3836 1389 3905 (de
1425 3835 1568 3889 uilla
1596 3836 1746 3889 Iouis
1780 3836 1852 3906 ρ’
1880 3839 1943 3890 in
1981 3840 2191 3907 many),
2228 3836 2456 3891 Iunonis
2488 3838 2758 3892 Heinsius
2795 3840 2885 3909 (cf.

588 3916 776 3970 Herm.
800 3919 871 3968 36
892 3932 950 3983 p.
971 3919 1085 3969 287
1102 3918 1233 3985 sqq.)
1406 3922 1438 3968 4
1475 3932 1575 3984 per
1600 3917 1829 3982 LPOT,
1857 3933 1957 3971 om.
1978 3918 2090 3982 rel„
2129 3919 2191 3970 in
2221 3936 2388 3988 marg.
2421 3919 2548 3972 add.
2582 3919 2634 3972 V
2656 3921 2743 3989 (m.
2763 3925 2793 3972 1
2824 3927 2889 3974 ut

586 3997 727 4065 uid.)
756 4003 806 4050 et
838 3995 911 4065 ρ’
939 3996 1089 4063 (inde
1114 3994 1309 4049 libello
1342 4040 1352 4051 .
1385 4038 1395 4049 .
1429 4039 1440 4049 .
1469 3997 1758 4065 proposito
1797 3998 2017 4065 aliaque
2049 3999 2338 4067 temptauit
2366 3999 2620 4070 Bentley)
2734 4005 2761 4051 7
2796 4015 2887 4053 ca-

586 4079 747 4144 peret
775 4076 837 4128 X
1041 4077 1363 4129 conteneret
1394 4079 1468 4130 M
1474 4118 1487 4141 ‚
1536 4077 1851 4130 contineret
1881 4077 1986 4130 GT
2165 4083 2231 4130 12
2268 4077 2376 4130 tali
2409 4081 2666 4133 Muretus
2705 4082 2890 4149 (parte

588 4155 816 4208 sustalis
840 4158 936 4225 M)
1046 4155 1329 4225 principia
1352 4156 1403 4210 G
1514 4162 1578 4208 16
1615 4155 1801 4225 perire
1837 4173 1928 4209 me
1966 4156 2174 4211 cotidie
2216 4159 2344 4213 Tac.
2385 4176 2518 4213 ann.
2551 4159 2640 4212 VI
2662 4165 2722 4226 6,
2761 4161 2890 4214 inde

588 4251 676 4287 me
715 4237 853 4288 addi
878 4237 1079 4289 uolunt
1098 4242 1226 4303 post
1253 4252 1423 4303 quam
1464 4237 1731 4304 Wolfflin,
1763 4244 1890 4304 post
1929 4236 2112 4306 perire
2141 4240 2373 4309 Bentley
2500 4238 2549 4292 si
2587 4256 2686 4294 om.
2711 4242 2787 4294 M
2787 4241 2892 4295 GT

588 4314 709 4382 (del.
731 4313 830 4383 P2)
961 4321 1024 4368 17
1056 4315 1365 4384 praescisse
1396 4317 1660 4387 (precisse
1684 4317 1754 4385 G)
1783 4316 1923 4370 haec
1952 4318 2051 4371 del.
2088 4318 2154 4371 G.
2172 4320 2377 4372 Becker
2487 4325 2551 4372 18
2594 4336 2658 4372 ac
2686 4320 2888 4392 multo]

588 4393 767 4447 multo
791 4397 864 4449 M
888 4395 978 4463 (G.
1011 4397 1262 4465 Becker),
1298 4394 1587 4478 multoque
1626 4398 1861 4467 Bentley
1970 4403 2035 4449 22
2076 4414 2142 4451 ex
2183 4401 2256 4451 M
2270 4400 2337 4465 T,
2376 4402 2433 4452 et
2471 4416 2537 4452 ex
2570 4402 2663 4453 rel.
2695 4402 2888 4472 (παῖς.)

587 4501 767 4554 neseio
805 4518 881 4554 an
918 4503 1110 4556 melius
1268 4508 1334 4554 27
1374 4480 1421 4571 ¹13
1450 4505 1505 4556 P
1538 4502 1616 4570 (ia
1652 4504 1716 4556 in
1752 4520 1861 4558 ras.
1891 4522 1959 4558 m.
1982 4505 2057 4572 2),
2097 4503 2196 4572 qui
2233 4506 2492 4560 Beroald.
2524 4508 2716 4577 (παῖς.)
