3325 5209
1185 406 1403 477 DIVVS
1451 407 1660 477 TITVS
1711 419 1840 468 [cu.
1873 420 2021 469 9—11]
2247 475 2256 482 ,
2621 408 2750 473 333

448 568 653 632 altero
701 573 764 633 et
812 568 1302 655 quadragesimo
1351 571 1575 635 aetatis
1624 593 1810 636 anno.
1903 572 2075 655 quod
2122 575 2195 636 ut
2248 573 2463 657 palam
2510 572 2751 636 factum

450 679 566 758 est,
623 697 753 740 non
804 698 987 740 secus
1036 680 1228 761 atque
1277 678 1345 741 in
1390 677 1746 742 domestico
1791 680 1971 743 luctu
2019 678 2448 743 maerentibus
2495 680 2752 763 publice

457 782 723 866 cunctis,
784 787 1042 847 senatus
1102 785 1281 868 prius
1344 807 1537 867 quam
1597 785 1807 848 edicto
1865 789 2325 849 conuocaretur
2381 786 2460 849 ad
2508 786 2750 851 curiam

454 890 803 968 concurrit,
866 890 1306 974 obseratisque
1362 891 1570 955 adhuc
1624 891 1895 975 foribus,
1955 891 2183 956 deinde
2230 893 2485 975 apertis,
2538 895 2749 956 tantas

393 1018 421 1058 5
455 999 710 1060 mortuo
758 997 999 1082 gratias
1047 997 1182 1081 egit
1218 997 1566 1081 laudesque
1604 999 1945 1084 congessit,
1993 1002 2263 1082 quantas
2300 1020 2382 1062 ne
2420 1000 2572 1063 uiuo
2613 1000 2750 1082 qui-

452 1102 598 1166 dem
647 1126 954 1186 umquam
1001 1108 1192 1188 atque
1240 1106 1574 1188 praesenti.
2304 1096 2307 1098 ’

450 1279 511 1331 in
551 1281 765 1346 eodem,
804 1297 913 1349 quo
951 1283 1130 1349 pater,
1170 1281 1322 1349 apud
1353 1280 1589 1335 Sabinos
1620 1297 1758 1350 agro
1796 1280 1941 1335 febri
1968 1280 2201 1334 interiit.
2273 1282 2422 1335 Oros.
2456 1281 2578 1335 VII
2608 1285 2661 1346 9,
2682 1284 2751 1334 14

449 1359 508 1411 in
538 1360 736 1413 eadem
764 1360 921 1426 uilla,
952 1378 1064 1428 qua
1092 1364 1255 1430 pater
1282 1361 1419 1428 eius,
1449 1361 1643 1414 morbo
1675 1361 2004 1429 absumptus
2035 1364 2134 1414 est.
2200 1362 2323 1416 VII
2351 1365 2403 1426 9,
2424 1365 2494 1414 13
2523 1361 2750 1414 biennio

451 1443 581 1509 post
608 1440 1018 1509 Vespasianum
1055 1441 1333 1508 regnauit.

595 1525 625 1572 2
683 1523 920 1589 Eutrop.
964 1522 1081 1576 VII
1113 1526 1207 1586 22,
1235 1525 1273 1575 2
1327 1523 1519 1574 tantus
1575 1521 1763 1575 luctus
1819 1538 1885 1576 eo
1932 1524 2150 1576 mortuo
2196 1522 2458 1590 publicus
2504 1521 2641 1588 fuit,
2687 1522 2752 1574 ut

452 1617 642 1655 omnes
698 1603 988 1668 tamquam
1043 1602 1101 1653 in
1149 1601 1378 1669 propria
1430 1600 1714 1655 doluerint
1758 1601 2018 1657 orbitate.
2095 1603 2320 1656 senatus
2368 1602 2527 1656 obitu
2572 1601 2750 1669 ipsius

449 1680 599 1734 circa
644 1697 941 1749 uesperam
987 1681 1247 1735 nuntiato
1293 1685 1458 1736 nocte
1499 1683 1718 1750 inrupit
1754 1683 1813 1734 in
1861 1683 2072 1736 curiam
2120 1685 2178 1736 et
2212 1672 2400 1737 tantas
2439 1683 2493 1735 ei
2529 1684 2749 1734 mortuo

450 1761 646 1814 laudes
703 1762 1028 1830 gratiasque
1086 1762 1383 1831 congessit,
1441 1766 1682 1831 quantas
1738 1778 1842 1815 nec
1896 1763 2029 1816 uiuo
2085 1780 2352 1831 umquam
2409 1764 2602 1832 egerat
2646 1777 2751 1814 nec

447 1841 751 1908 praesenti.
840 1843 1022 1896 Victor
1062 1844 1207 1896 Gaea
1250 1847 1339 1907 10,
1367 1848 1401 1896 6
1447 1843 1614 1896 huius
1661 1859 1798 1897 sane
1843 1860 1990 1896 mors
2039 1843 2178 1896 adeo
2225 1843 2534 1912 prouinciis
2570 1841 2749 1895 luctui

450 1920 578 1987 fuit,
616 1921 703 1972 uti
742 1962 755 1974 .
789 1962 800 1974 .
833 1964 843 1974 .
891 1921 1151 1974 orbatum
1188 1921 1378 1976 orbem
1418 1922 1702 1977 deflerent.
1779 1926 1934 1994 Epit.
1965 1928 2054 1990 10,
2082 1929 2154 1978 16
2191 1924 2356 1977 huius
2394 1940 2559 1988 mors,
2599 1922 2750 1976 credi

448 2001 547 2053 uix
583 2002 795 2069 potest,
847 2005 1121 2069 quantum
1166 2001 1351 2055 luctus
1389 2003 1515 2057 urbi
1553 2004 1974 2071 prouinciisque
2009 2003 2292 2069 intulerit,
2341 2004 2482 2058 adeo
2520 2004 2586 2056 ut
2624 2019 2750 2056 eum

453 2121 463 2130 .
499 2123 509 2133 .
542 2123 554 2134 .
603 2082 767 2148 quasi
804 2084 1076 2150 perpetuo
1115 2082 1347 2136 custode
1386 2084 1643 2136 orbatum
1682 2086 1958 2137 terrarum
1996 2084 2188 2137 orbem
2234 2083 2516 2138 deflerent.
2598 2084 2748 2137 Oros,

461 2163 584 2217 VII
614 2166 666 2227 9,
688 2167 756 2215 14
805 2180 933 2216 cum
971 2162 1190 2232 ingenti
1227 2163 1477 2215 omnium
1514 2164 1688 2216 luctu.

593 2329 625 2375 4
665 2324 911 2378 cucurrit
952 2324 1107 2394 QSN
1138 2326 1298 2393 (pars
1335 2323 1478 2392 edd.)
1614 2330 1656 2386 ⁴5
1698 2327 1938 2391 quantas
1980 2324 2262 2392 congessit
2299 2324 2377 2377 ed.
2401 2342 2491 2393 pr.
2516 2324 2643 2378 Ven.
2675 2324 2746 2376 al.

450 2405 735 2474 (Gronov.)
883 2421 986 2458 nec
1030 2404 1188 2458 HRS
1493 2428 1496 2429 ⁷

519 2512 524 2516 ⁴
592 2495 794 2548 subscr.
873 2511 916 2547 c.
957 2493 1177 2546 suetoni
1227 2493 1523 2562 tranquilli
1570 2493 1639 2547 de
1694 2493 1819 2546 uita
1875 2497 2104 2546 caesarii
2150 2493 2314 2546 diuus
2361 2492 2502 2546 titus
2549 2492 2747 2561 explic.

451 2581 653 2650 incipit
691 2582 966 2636 domitian-1
1003 2569 1186 2636 fenest
1224 2584 1300 2636 M
1332 2590 1381 2636 et
1415 2584 1534 2637 sim.
1568 2584 1682 2637 HR
1728 2584 2021 2653 (augustus
2058 2599 2166 2650 pro
2202 2582 2341 2634 titus
2380 2584 2461 2648 11,
2507 2581 2751 2634 feliciter

448 2679 552 2716 om.
586 2664 658 2731 R)
851 2661 1083 2729 explicit
1120 2663 1283 2716 diuus
1323 2664 1477 2717 titus.
1518 2662 1721 2731 incipit
1761 2662 1924 2715 diuus
1964 2662 2310 2715 domicianus
2348 2660 2592 2714 feliciter
2633 2661 2678 2730 Q

453 2743 687 2810 explicit
723 2742 820 2797 lib.
852 2742 941 2794 XI.
974 2741 1176 2811 incipit
1206 2743 1273 2795 de
1306 2743 1616 2797 domitiano
1646 2743 1744 2796 lib.
1776 2743 1878 2795 XII
1908 2744 2004 2797 LS
2029 2744 2119 2812 (de
2149 2743 2457 2796 domitiano
2486 2759 2587 2797 om.
2617 2743 2676 2811 S)

450 2823 659 2891 incipit
696 2823 1036 2876 domitianus
1079 2823 1130 2876 G
1274 2825 1433 2878 nulla
1469 2825 1671 2878 subscr.
1703 2825 1765 2876 i‘n
1803 2826 1858 2877 P
