3325 5209
1342 1263 1918 1337 PRAEFATIO

658 1444 929 1506 Suetonii
974 1445 1045 1505 de
1092 1448 1223 1506 uita
1270 1444 1589 1506 Caesarum
1636 1448 1831 1523 operis
1885 1447 2201 1522 antiquum
2248 1447 2548 1522 exemplar
2591 1466 2778 1505 unum

473 1535 892 1596 tantummodo
947 1535 1024 1593 ad
1075 1535 1337 1594 mediam
1392 1538 1650 1595 aetatem
1705 1537 2006 1610 peruenit,
2052 1555 2120 1593 ex
2169 1554 2284 1611 quo
2331 1535 2591 1612 pendent
2635 1534 2777 1594 libri

477 1625 689 1700 scripti
727 1627 1020 1700 quotquot
1052 1626 1441 1683 innotuerunt
1478 1644 1698 1686 omnes,
1772 1624 1931 1701 quod
1961 1625 2262 1700 exemplar
2289 1627 2358 1682 ut
2384 1625 2778 1701 principalem

476 1716 612 1774 octo
671 1714 959 1773 librorum
1019 1713 1400 1787 diuisionem,
1464 1733 1644 1789 quam
1704 1716 1855 1774 teste
1917 1713 2104 1772 Suida
2163 1712 2547 1773 Oasaubonus
2606 1732 2775 1774 reuo-

475 1804 661 1876 cauit,
705 1802 826 1861 iam
874 1802 1249 1862 obscuratam
1314 1803 1525 1863 habuit
1537 1794 1616 1883 ¹),
1681 1805 1770 1862 ita
1825 1805 2009 1862 uariis
2047 1804 2224 1863 uitiis
2278 1802 2607 1863 minoribus
2652 1823 2778 1862 ma·

474 1889 824 1966 ioribusque
873 1891 1267 1967 deprauatum
1309 1893 1456 1966 fuit,
1512 1910 1650 1951 raro
1696 1892 2260 1967 interpolationibus
2273 1885 2354 1970 ²),
2409 1894 2647 1969 saepius
2693 1894 2780 1951 la·

475 1980 645 2039 cunis
658 1972 740 2063 3),
795 1999 1047 2056 quarum
1103 1981 1460 2058 grauissima
1513 1983 1577 2040 in
1631 1982 1928 2057 principio
1985 1982 2179 2057 operis
2235 1983 2453 2041 amisso
2500 1984 2778 2041 cernitur.

476 2088 621 2129 nam
664 2071 946 2129 mutilum
993 2088 1118 2129 esse
1163 2072 1422 2146 primum
1458 2070 1680 2128 librum
1721 2070 1838 2128 uiri
1877 2070 2040 2129 docti
2076 2070 2299 2128 dudum
2335 2073 2783 2145 perspexerunt,

475 2178 669 2234 neque
733 2157 1145 2232 Casaubonu8‚
1208 2160 1604 2235 interpretum
1669 2160 2009 2233 Tranquilli
2080 2160 2257 2218 facile
2328 2161 2629 2235 princepe,
2705 2159 2779 2218 ad

474 2251 643 2310 certa
689 2241 892 2308 damni
929 2250 1160 2324 accepti
1197 2250 1548 2326 argumenta
1587 2248 1907 2307 euertenda
1951 2249 2165 2309 ualuit.
2230 2267 2365 2307 cum
2412 2250 2612 2306 autem
2659 2268 2779 2308 non

476 2339 661 2413 caput
705 2339 941 2395 tantum
989 2337 1358 2397 desideretur
1410 2339 1574 2397 uitae
1620 2337 1765 2395 Diui
1820 2337 1939 2395 Iuli
1948 2329 2030 2417 4),
2095 2337 2198 2396 sed
2251 2337 2549 2413 praefatio
2597 2339 2783 2396 etiam

475 2425 557 2486 ad
605 2424 667 2485 O.
708 2425 1034 2501 Septicium
1083 2425 1323 2486 Clarum
1388 2427 1757 2503 praefectum
1820 2429 2150 2501 praetorio,
2214 2445 2394 2502 quam
2457 2425 2782 2485 Laurentio

474 2514 648 2591 Lydo
696 2518 901 2574 notam
956 2517 1138 2574 fuisse
1195 2517 1442 2588 scimuS,
1501 2519 1662 2575 recte
1710 2515 1962 2574 Rothius
2013 2518 2295 2576 'statuisse
2342 2514 2583 2574 uidetur
2625 2517 2777 2573 inte·

474 2624 653 2682 grum
727 2606 1177 2679 quaternionem
1247 2604 1559 2681 deperisse.
1574 2598 1625 2686 ⁵)
1739 2607 2151 2664 conseruatum
2223 2604 2375 2664 illud
2447 2604 2606 2662 idem
2674 2623 2783 2664 suo

474 2695 607 2752 iure
654 2694 946 2753 conclusit
999 2696 1065 2752 in
1111 2694 1364 2753 Francia
1420 2694 1753 2770 imperante
1803 2692 2015 2753 Carolo
2061 2694 2298 2771 Magno,
2348 2714 2464 2769 quo
2510 2695 2782 2770 principe

473 2784 752 2841 ueterum
796 2783 1137 2841 litterarum
1183 2801 1406 2844 nouum
1451 2782 1715 2842 studium
1764 2784 2000 2856 exarsit,
2044 2783 2461 2859 multiplicatis
2500 2783 2785 2859 exemplis

474 2870 735 2931 describi
780 2875 1082 2948 coeptum,
1138 2891 1340 2930 eorum
1389 2891 1539 2948 quae
1588 2871 1667 2931 ad
1711 2891 1819 2931 nos
1866 2875 2267 2948 peruenerunt
2313 2874 2579 2930 omnium
2626 2890 2781 2931 com-

477 2980 721 3019 munem
750 2962 1038 3037 originem
1070 2964 1130 3020 et
1160 2964 1337 3037 quasi
1363 2965 1672 3038 parentem
1699 2962 1928 3020 factum
1955 2979 2096 3035 esse,
2124 2962 2329 3037 itaque
2358 2962 2593 3020 saeculo
2623 2980 2782 3020 nono

475 3051 675 3125 prima
711 3053 849 3125 post
888 3052 1154 3126 gentium
1181 3052 1603 3129 migrationem
1636 3051 1887 3127 reperiri
1913 3050 2172 3127 uestigia
2201 3051 2396 3125 operis
2428 3049 2785 3108 Suetoniani

475 3140 622 3197 lecti
677 3142 737 3197 et
790 3139 853 3196 in
902 3158 1077 3199 usum
1123 3142 1409 3199 conuersi.
1559 3143 1624 3199 at
1670 3140 1953 3214 certiora,
2005 3140 2124 3198 nisi
2169 3140 2369 3198 omnia
2415 3139 2665 3213 fallunt,
2709 3138 2781 3197 de

474 3228 634 3287 libro
684 3228 1006 3305 archetypo
1054 3228 1208 3289 effici
1254 3232 1522 3305 possunt,
1565 3229 1629 3288 id
1677 3228 1838 3305 quod
1883 3229 2109 3308 primus
2165 3228 2398 3286 monuit
2442 3226 2785 3287 Ludouicus

477 3317 733 3378 Traube.
747 3309 799 3397 ⁶)
891 3319 1160 3392 extitisse
1216 3317 1465 3377 Suetoni
1529 3319 1832 3394 exemplar
1891 3317 2058 3394 apud
2116 3317 2440 3376 Fuldenses
2504 3318 2569 3373 in
2634 3316 2786 3376 duos

477 3425 590 3465 nec
642 3425 892 3483 magnos
957 3408 1184 3466 codices
1246 3408 1508 3466 diuisum
1562 3407 1782 3466 litteris
1839 3406 2144 3479 discimus,
2193 3424 2339 3481 quas
2388 3425 2438 3464 a.
2471 3406 2600 3463 844
2651 3403 2782 3463 Ser-

476 3499 658 3553 uatus
695 3495 921 3572 Lupus,
968 3496 1148 3554 abbas
1185 3497 1579 3557 Ferrariensis
1616 3501 1909 3570 notusque
1947 3496 2305 3572 philologus,
2353 3494 2428 3552 ad
2466 3494 2782 3553 Marcwar-

476 3584 624 3642 dum
660 3584 1065 3644 Prumiensem
1102 3586 1378 3645 abbatem
1416 3577 1498 3667 (a.
1522 3578 1903 3666 829—853)
1943 3584 2123 3657 dedit,
2170 3583 2273 3643 ubi
2308 3583 2479 3643 haec:
2529 3579 2788 3653 ‘Quaeso

667 3774 719 3840 1)
758 3769 838 3825 cf.
879 3772 1318 3842 subscriptiones
1358 3773 1704 3842 singularum
1744 3772 2007 3826 uitarum.

664 3845 718 3912 2)
754 3842 942 3897 Pauca
991 3844 1295 3898 admodum
1331 3844 1539 3898 Rothio
1585 3844 1928 3912 interpolata
1978 3844 2102 3897 uisa
2149 3846 2304 3911 sunt,
2360 3843 2605 3912 plurima
2651 3842 2787 3896 Tor-

481 3913 687 3980 rentio,
722 3914 976 3968 Bentleio
1017 3915 1256 3984 aliisque
1293 3916 1430 3968 uiris
1468 3915 1675 3980 doctis,
1716 3932 1750 3968 a
1787 3915 1990 3983 quibus
2026 3915 2199 3984 plane
2237 3914 2526 3981 dissentio,
2564 3914 2625 3966 in
2660 3916 2787 3966 tan-

483 3988 607 4038 tum
644 3987 710 4039 ut
745 4002 814 4038 ne
852 3986 1136 4040 Rothiana
1148 3934 1410 4055 qquidem
1453 3987 1794 4057 glossemata
1832 3986 2153 4040 admiserim
2191 3986 2379 4041 omnia
2418 3985 2787 4053 dubitemque

484 4055 672 4110 adhuc
709 4057 778 4110 de
816 4056 918 4110 Iul.
951 4063 1094 4126 30p
1099 4064 1227 4127 16,
1250 4063 1316 4111 27
1339 4077 1420 4127 sq.

668 4130 720 4198 3)
759 4127 1024 4182 'Praetaui
1061 4129 1361 4184 nonnullas
1400 4129 1586 4183 Herm.
1618 4134 1686 4181 36
1724 4148 1777 4198 p.
1811 4134 1910 4182 291
1935 4146 2054 4197 sqq.
2094 4134 2162 4182 40
2200 4147 2255 4196 p.
2289 4133 2389 4182 182
2413 4145 2532 4197 sqq

667 4202 720 4269 4)
758 4198 842 4252 De
889 4199 985 4267 iis,
1033 4218 1178 4267 quae
1224 4202 1375 4270 apud
1423 4200 1563 4254 alios
1612 4204 1867 4254 auctores
1917 4200 2170 4253 extantia
2221 4200 2293 4253 ad
2334 4199 2603 4253 amissum
2652 4198 2787 4252 libri

484 4270 712 4324 initium
761 4271 1042 4339 pertinere
1093 4273 1283 4339 putari
1319 4275 1578 4340 possunt,
1629 4270 1689 4324 in
1743 4272 2141 4325 commentario
2180 4271 2479 4325 dicendum
2518 4270 2641 4324 erit.
2714 4270 2786 4323 de

485 4343 640 4396 Seru.
661 4343 799 4397 Aen.
829 4342 905 4396 VI
936 4348 1038 4396 798
1076 4361 1129 4396 u.
1170 4344 1242 4396 ad
1280 4344 1421 4413 Aug.
1454 4349 1522 4396 94
1558 4361 1613 4411 p.
1647 4347 1767 4408 108,
1789 4348 1873 4397 29.

666 4416 719 4482 5)
759 4412 841 4468 Cf.
880 4414 939 4467 F.
969 4415 1097 4479 Le0,
1137 4414 1239 4467 Die
1277 4414 1509 4485 griechae
1489 4420 1647 4468 -rom.
1680 4413 2022 4484 Biographie
2058 4421 2176 4484 p.3

665 4488 718 4554 6)
755 4485 941 4540 Neues
979 4458 1184 4540 Archiv
1223 4486 1320 4540 der
1359 4485 1731 4540 Gesellschaft
1766 4485 1857 4539 fiir
1894 4485 2070 4540 altere
2108 4485 2391 4540 Deutsche
2430 4433 2787 4539 Geschichts-

484 4557 677 4612 kunde
713 4556 920 4611 XXVII
955 4576 1009 4625 p.
1043 4563 1144 4612 266
1167 4575 1274 4625 sq.3
1313 4557 1381 4611 cf.
1412 4557 1598 4610 Herm.
1632 4562 1700 4610 40
1739 4563 1944 4624 p.179.
