3325 5209
578 398 662 462 98
1272 397 1328 452 O.
1371 397 1687 453 SVETONI
1725 396 2171 494 TRANQVILLI

579 566 715 625 erat
774 567 966 644 atque
1026 561 1312 647 uulgaris
1373 563 1523 625 fere.
1613 561 2058 625 secundarium
2118 582 2349 644 panem
2412 563 2476 624 et
2535 561 2878 643 pisciculos

579 669 865 734 minutos
922 673 985 732 et
1039 690 1290 733 caseum
1358 667 1654 732 bibulum
1711 691 1905 732 manu
1960 690 2253 752 pressum
2309 671 2374 731 et
2429 667 2585 730 ficos
2641 667 2878 731 uirides

578 776 813 840 biferas
861 777 1139 840 maxime
1186 776 1554 860 appetebat3
1600 776 2105 859 uescebaturque
2151 778 2216 838 et
2262 778 2409 838 ante
2454 796 2674 838 cenam
2724 795 2877 857 quo-

579 904 850 965 cumque
900 888 1189 967 tempore
1235 887 1300 945 et
1343 883 1516 961 locO,
1570 903 1698 965 quo
1747 883 2118 947 stomachus
2166 881 2598 945 desiderasset.
2681 879 2880 943 uerba

578 990 781 1074 ipsius
830 1013 907 1053 ex
956 990 1251 1073 epistulis
1300 993 1476 1053 sunt:
1534 1010 1672 1053 nos
1719 991 1796 1052 in
1844 989 2108 1053 essedo
2157 1010 2422 1071 panem
2472 992 2544 1051 et
2588 989 2879 1071 palmu-
2933 1011 2958 1053 5

504 1111 534 1157 2
575 1096 686 1160 las
748 1096 1247 1180 gustauimus
1347 1100 1409 1160 et
1466 1096 1725 1160 iterum:
1788 1097 1954 1159 dum
2014 1096 2293 1159 lectica
2347 1117 2433 1157 ex
2489 1095 2702 1178 regia
2750 1094 2876 1157 do-

575 1225 769 1266 mum
831 1203 1084 1280 rede0‚
1158 1204 1378 1285 panis
1448 1204 1747 1265 unciam
1817 1224 1979 1267 cum
2049 1201 2315 1285 paucis
2376 1202 2620 1265 acinis
2681 1222 2874 1263 uuae

574 1308 985 1374 duracinae
1043 1310 1354 1374 comedi.
1448 1313 1513 1373 et
1567 1331 1813 1372 rursus:
1869 1331 1959 1372 ne
2013 1306 2340 1371 Iudaeus
2389 1307 2719 1389 quidem,
2775 1308 2875 1370 mi

573 1413 863 1500 Tiberi,
911 1421 1062 1479 tam
1102 1395 1526 1499 diligenter
1564 1415 1909 1479 sabbatis
1949 1415 2321 1478 ieiunium
2358 1417 2616 1477 seruat
2654 1435 2870 1495 quam

575 1542 711 1607 ego
758 1521 985 1586 hodie
1034 1522 1367 1605 seruaui,
1416 1524 1545 1604 qui
1590 1524 1668 1586 in
1712 1522 2021 1586 balineo
2070 1522 2362 1585 demum
2401 1524 2577 1603 post
2613 1519 2873 1583 horam
2903 1546 2955 1588 ιο

570 1629 888 1711 primam
955 1630 1209 1693 noctis
1277 1630 1460 1693 duas
1522 1630 1799 1694 buccas
1861 1629 2317 1694 manducaui
2376 1629 2590 1711 prius
2653 1648 2867 1709 quam

571 1736 811 1819 ungui
868 1736 1302 1819 inciperem.
1389 1759 1468 1800 ex
1524 1737 1646 1801 hac
1701 1736 2182 1800 inobseruantia
2234 1756 2719 1817 nonnumquam
2770 1734 2875 1796 uel

573 1845 721 1905 ante
788 1842 1022 1905 initum
1089 1843 1194 1907 uel
1259 1847 1411 1927 post
1475 1844 1808 1907 dimissum
1872 1842 2247 1907 conuiuium
2306 1843 2477 1906 solus
2535 1841 2873 1921 cenitabat,

470 1944 554 2008 77
577 1969 720 2011 cum
768 1950 961 2031 pleno
1012 1950 1311 2013 conuiuio
1358 1950 1523 2013 nihil
1580 1953 1888 2034 tangeret.
1972 1950 2111 2012 uini
2159 1971 2414 2031 quoque
2461 1953 2691 2011 natura
2735 1970 2874 2032 par—

571 2055 867 2120 cissimus
929 2060 1080 2124 erat.
1180 2078 1313 2120 non
1371 2057 1648 2140 amplius
1710 2060 1811 2119 ter
1869 2056 2089 2120 bibere
2149 2078 2296 2119 eum
2358 2054 2622 2118 solitum
2683 2076 2875 2138 super
2902 2077 2953 2119 ιε

570 2184 789 2226 cenam
866 2163 934 2226 in
1007 2164 1231 2227 castris
1307 2163 1477 2246 apud
1549 2163 1899 2244 Mutinam,
1974 2161 2310 2226 Cornelius
2374 2160 2595 2244 Nepos
2659 2161 2871 2224 tradit.

568 2273 793 2351 postea
848 2271 1144 2352 quotiens
1198 2270 1562 2355 largissime
1619 2291 1687 2334 se
1743 2270 2073 2351 inuitaret,
2130 2290 2315 2332 senos
2372 2271 2695 2332 sextantes
2740 2289 2873 2331 non

569 2376 870 2456 excessit,
936 2368 1045 2439 aut
1094 2378 1148 2439 si
1203 2377 1604 2459 excessisset,
1657 2376 1979 2440 reiciebat.
2062 2380 2127 2439 et
2182 2375 2460 2439 maxime
2518 2375 2871 2452 delectatus

570 2487 666 2545 est
713 2481 979 2547 Raetico
1036 2505 1243 2566 neque
1288 2487 1527 2546 temere
1585 2483 1866 2546 interdiu
1922 2482 2107 2546 bibit.
2189 2502 2306 2565 pro
2354 2482 2618 2566 potione
2665 2503 2871 2544 sume-

570 2589 680 2651 bat
726 2591 1058 2672 perfusum
1109 2612 1273 2672 aqua
1317 2589 1553 2675 frigida
1599 2612 1832 2673 panem
1880 2593 1990 2653 aut
2038 2590 2393 2654 cucumeris
2441 2588 2718 2652 frustum
2764 2589 2869 2651 uel
2899 2611 2952 2651 πο

567 2697 924 2760 lactuculae
953 2696 1246 2780 thyrsum
1277 2699 1389 2759 aut
1424 2719 1645 2761 recens
1686 2697 2017 2760 aridumue
2046 2718 2313 2779 pomum
2345 2697 2480 2760 suci
2509 2695 2870 2760 uinosioriS.

467 2796 555 2861 78
748 2801 906 2866 Post
950 2803 1168 2867 cibum
1205 2803 1647 2886 meridianum,
1696 2803 1784 2866 ita
1823 2806 1898 2867 ut
1934 2803 2208 2867 uestitus
2247 2804 2679 2886 calciatusque
2718 2806 2871 2884 erat,

568 2909 825 2972 retectis
882 2909 1153 2992 pedibus
1210 2909 1538 2993 paulisper
1602 2909 2098 2991 conquiescebat
2155 2910 2457 2993 opposita
2513 2909 2592 2972 ad
2649 2910 2870 2973 oculos

571 3038 779 3079 manu.
885 3040 923 3080 a
990 3038 1144 3080 cena
1208 3018 1277 3080 in
1350 3017 1715 3081 lecticulam
1781 3038 1847 3079 se
1919 3016 2421 3079 lucubratoriam
2491 3014 2868 3099 recipiebat3

570 3122 677 3203 ibi,
715 3122 916 3186 donec
951 3123 1205 3186 residua
1243 3123 1455 3185 diurni
1493 3127 1673 3186 actus
1713 3127 1826 3186 aut
1865 3125 2080 3187 omnia
2117 3128 2226 3186 aut
2267 3146 2343 3186 ex
2381 3123 2661 3186 maxima
2687 3126 2868 3204 parte
2897 3142 2949 3182 25

713 3321 777 3366 14
820 3332 870 3369 ιι.
902 3316 976 3368 ad
1010 3333 1063 3383 p.
1089 3320 1179 3380 97,
1196 3319 1271 3368 25
1402 3321 1465 3367 19
1480 3333 1597 3383 sqq.
1639 3316 1918 3369 Einhard.
1954 3321 2020 3368 14
2059 3318 2276 3368 aestate
2312 3317 2442 3384 post
2478 3314 2667 3368 cibum
2704 3314 2866 3367 meri-

570 3394 801 3447 dianum
838 3412 1129 3463 pomorum
1170 3395 1388 3463 aliquid
1426 3412 1648 3449 sumens
1689 3412 1754 3448 ac
1784 3395 1955 3448 semel
1992 3396 2194 3448 bibens
2226 3395 2499 3464 depositis
2527 3394 2781 3448 uestibus
2811 3397 2869 3448 et

460 3497 465 3501 ·
571 3474 971 3541 calciamentiS‚
1010 3475 1170 3528 uelut
1206 3478 1377 3528 noctu
1417 3475 1615 3528 solitus
1654 3478 1794 3541 erat,
1835 3475 2054 3528 duabus
2093 3479 2192 3529 aut
2224 3476 2405 3528 tribus
2434 3476 2586 3528 horis
2616 3474 2865 3542 quiesce-

569 3555 683 3608 bat.
752 3556 1011 3608 noctibus
1043 3556 1123 3608 sic
1162 3555 1494 3623 dormiebat,
1534 3558 1599 3607 ut
1628 3572 1884 3608 somnum
1915 3558 2115 3622 quater
2143 3559 2242 3609 aut
2271 3556 2610 3623 quinquiens
2638 3572 2748 3607 non
2780 3571 2863 3607 so-

568 3634 685 3687 lum
725 3635 1159 3704 expergiscendo
1200 3636 1296 3688 sed
1338 3636 1509 3688 etiam
1547 3635 1900 3704 desurgendo
1938 3636 2384 3703 interrumperet.

711 3811 737 3855 1
781 3806 942 3857 erant
974 3806 1048 3858 M
1188 3812 1217 3857 2
1258 3804 1515 3857 bibulum
1545 3807 1596 3856 Ω
1627 3806 1812 3872 (etiam
1844 3805 1909 3858 H
1940 3811 1990 3858 et
2017 3805 2326 3872 δατ-θεων),
2364 3803 2638 3857 bubalum
2668 3806 2725 3856 et
2759 3805 2865 3869 Τς,

566 3884 844 3937 bubulum
874 3902 906 3943 ς
936 3891 986 3938 et
1012 3885 1130 3938 edd.
1278 3885 1380 3937 fico
1415 3886 1474 3950 V,
1512 3885 1648 3937 ficus
1676 3885 1801 3938 GX
1942 3891 1972 3936 3
2013 3888 2070 3938 et
2099 3902 2198 3939 om.
2221 3885 2289 3936 H
2428 3892 2460 3937 4
2500 3885 2580 3954 et]
2611 3901 2721 3952 quo
2743 3888 2800 3935 X

566 3983 674 4032 quo
706 3983 804 4018 om.
829 3965 908 4031 H,
946 3966 1043 4019 del.
1067 3966 1351 4035 Eynatetus
1380 3967 1584 4032 aliique
1713 3972 1744 4018 5
1775 3982 1842 4018 ex
1871 3983 1969 4018 om.
1996 3967 2049 4019 V
2176 3969 2206 4016 8
2246 3981 2315 4018 ne
2345 3982 2446 4018 om.
2478 3966 2531 4018 V
2660 3969 2690 4015 9
2720 3965 2865 4034 tam]

566 4046 677 4098 iam
721 4047 771 4099 G
920 4051 984 4097 10
1031 4045 1233 4098 balneo
1276 4044 1641 4099 M²HGXH
1784 4045 2007 4097 demum
2055 4063 2153 4098 om.
2194 4045 2263 4097 H
2405 4050 2468 4097 11
2518 4045 2724 4098 buceas
2765 4045 2865 4110 ΠΙ,

566 4127 802 4179 bucceas
842 4126 991 4181 112R
1028 4125 1207 4193 (edd),
1252 4126 1522 4178 buccatas
1559 4126 1627 4177 H
1770 4131 1834 4178 12
1874 4124 2236 4178 obseruantia
2275 4128 2390 4179 PT
2535 4130 2599 4178 13
2638 4125 2864 4178 initium

568 4208 639 4260 M
654 4207 738 4259 VS
748 4209 807 4258 H
945 4206 1223 4259 cinitabat
1254 4208 1348 4271 JI,
1387 4206 1510 4259 ceni
1541 4205 1717 4259 dabat
1749 4205 1800 4259 G
1948 4211 2011 4257 15
2052 4205 2281 4258 solitum
2310 4223 2409 4259 om.
2445 4206 2497 4258 G
2644 4211 2706 4257 19
2739 4222 2866 4272 pro-

564 4284 844 4354 positione
893 4285 1155 4339 sumabat
1195 4286 1372 4354 (-ebat
1413 4286 1528 4355 M2)
1571 4289 1644 4339 M
1654 4286 1705 4339 G
1850 4290 1916 4338 20
1956 4286 2127 4357 aqua]
2174 4286 2234 4338 in
2272 4303 2384 4352 qua
2426 4286 2477 4339 G
2620 4285 2866 4337 fructum

570 4367 747 4434 GHQ
910 4372 973 4418 21
1025 4365 1330 4420 lactucula⁸
1379 4368 1668 4434 ethyrsum
1716 4367 1761 4434 (s
1807 4382 1874 4419 ss.
1924 4383 1994 4418 m.
2040 4369 2098 4434 2>
2140 4369 2235 4431 M,
2301 4365 2624 4419 lacticulam
2678 4365 2863 4431 ethyr-

566 4464 685 4498 sum
728 4449 805 4514 (et
842 4445 969 4498 tirs-
995 4447 1067 4514 T)
1090 4451 1147 4498 X
1309 4445 1630 4499 uiniosioris
1673 4446 1765 4497 Ml
1929 4452 1997 4498 24
2037 4462 2071 4498 a
2109 4464 2207 4500 om.
2244 4447 2320 4511 G,
2368 4446 2440 4499 ad
2481 4447 2533 4500 V
2689 4451 2756 4497 25
2797 4461 2864 4497 ex

564 4527 807 4595 HQXG³
837 4528 913 4592 (at
948 4529 1005 4579 in
1024 4527 1077 4604 L
1113 4545 1148 4579 x
1186 4528 1247 4580 in
1275 4529 1435 4592 raa),
1473 4542 1539 4578 ea
1563 4526 1848 4593 MG1VR,
1887 4543 1917 4580 e
1936 4529 2170 4597 Bentley
2200 4526 2465 4596 (maxima
2496 4542 2562 4579 ex
2590 4527 2753 4594 parte
2776 4525 2863 4591 N)
