<?xml version="1.0" encoding="UTF-8"?>
<!DOCTYPE html PUBLIC "-//W3C//DTD XHTML 1.0 Transitional//EN"
    "http://www.w3.org/TR/xhtml1/DTD/xhtml1-transitional.dtd">
<html xmlns="http://www.w3.org/1999/xhtml" xml:lang="en" lang="en">
 <head>
  <title>
</title>
<meta http-equiv="Content-Type" content="text/html;charset=utf-8" />
  <meta name='ocr-system' content='tesseract 3.04.00' />
  <meta name='ocr-capabilities' content='ocr_page ocr_carea ocr_par ocr_line ocrx_word'/>
</head>
<body>
  <div class='ocr_page' id='page_1' title='image "./csvetonitranqui00unkngoog_0082.png"; bbox 0 0 3325 5209; ppageno 0'>
   <div class='ocr_carea' id='block_1_1' title="bbox 620 361 2196 428">
    <p class='ocr_par' dir='ltr' id='par_1_1' title="bbox 620 361 2196 428">
     <span class='ocr_line' id='line_1_1' title="bbox 620 361 2196 428; baseline 0 -13"><span class='ocrx_word' id='word_1_1' title='bbox 620 362 658 424; x_wconf 88' lang='grc'>8</span> <span class='ocrx_word' id='word_1_2' title='bbox 1301 361 1357 415; x_wconf 90' lang='lat' dir='ltr'>C.</span> <span class='ocrx_word' id='word_1_3' title='bbox 1400 362 1715 416; x_wconf 87' lang='lat' dir='ltr'><strong>SVETONI</strong></span> <span class='ocrx_word' id='word_1_4' title='bbox 1752 362 2196 428; x_wconf 77' lang='lat' dir='ltr'><strong>TRANQVILLI</strong></span> 
     </span>
    </p>
   </div>
   <div class='ocr_carea' id='block_1_2' title="bbox 514 525 3005 3591">
    <p class='ocr_par' dir='ltr' id='par_1_2' title="bbox 619 525 2921 718">
     <span class='ocr_line' id='line_1_2' title="bbox 619 525 2919 610; baseline 0.001 -23"><span class='ocrx_word' id='word_1_5' title='bbox 619 525 766 588; x_wconf 88' lang='lat' dir='ltr'>silia</span> <span class='ocrx_word' id='word_1_6' title='bbox 807 526 1304 597; x_wconf 90' lang='lat' dir='ltr'>coniuratorum</span> <span class='ocrx_word' id='word_1_7' title='bbox 1326 526 1666 607; x_wconf 83' lang='lat' dir='ltr'>detexerat,</span> <span class='ocrx_word' id='word_1_8' title='bbox 1714 528 2064 589; x_wconf 84' lang='lat' dir='ltr'>constituta</span> <span class='ocrx_word' id='word_1_9' title='bbox 2106 530 2286 590; x_wconf 90' lang='lat' dir='ltr'>erant</span> <span class='ocrx_word' id='word_1_10' title='bbox 2322 526 2579 609; x_wconf 88' lang='lat' dir='ltr'>publice</span> <span class='ocrx_word' id='word_1_11' title='bbox 2616 528 2919 610; x_wconf 89' lang='lat' dir='ltr'>praemia.</span> 
     </span>
     <span class='ocr_line' id='line_1_3' title="bbox 621 629 2921 718; baseline 0.001 -24"><span class='ocrx_word' id='word_1_12' title='bbox 621 629 848 695; x_wconf 86' lang='lat' dir='ltr'>Curius</span> <span class='ocrx_word' id='word_1_13' title='bbox 897 654 931 695; x_wconf 94' lang='lat' dir='ltr'>e</span> <span class='ocrx_word' id='word_1_14' title='bbox 980 630 1257 695; x_wconf 79' lang='lat' dir='ltr'>Catilina</span> <span class='ocrx_word' id='word_1_15' title='bbox 1305 654 1371 696; x_wconf 90' lang='lat' dir='ltr'>se</span> <span class='ocrx_word' id='word_1_16' title='bbox 1417 634 1800 718; x_wconf 86' lang='lat' dir='ltr'>cognouisse</span> <span class='ocrx_word' id='word_1_17' title='bbox 1849 633 2117 715; x_wconf 88' lang='lat' dir='ltr'>dicebat,</span> <span class='ocrx_word' id='word_1_18' title='bbox 2162 631 2422 696; x_wconf 89' lang='lat' dir='ltr'>Vettius</span> <span class='ocrx_word' id='word_1_19' title='bbox 2470 634 2663 697; x_wconf 88' lang='lat' dir='ltr'>etiam</span> <span class='ocrx_word' id='word_1_20' title='bbox 2713 633 2921 697; x_wconf 89' lang='lat' dir='ltr'>chiro-</span> 
     </span>
    </p>

    <p class='ocr_par' dir='ltr' id='par_1_3' title="bbox 548 737 3004 1567">
     <span class='ocr_line' id='line_1_4' title="bbox 548 737 2921 823; baseline 0 -21"><span class='ocrx_word' id='word_1_21' title='bbox 548 755 579 802; x_wconf 81' lang='grc'>2</span> <span class='ocrx_word' id='word_1_22' title='bbox 619 738 936 823; x_wconf 85' lang='lat' dir='ltr'>graphum</span> <span class='ocrx_word' id='word_1_23' title='bbox 994 739 1130 802; x_wconf 89' lang='lat' dir='ltr'>eius</span> <span class='ocrx_word' id='word_1_24' title='bbox 1189 737 1501 802; x_wconf 79' lang='lat' dir='ltr'>Catilinae</span> <span class='ocrx_word' id='word_1_25' title='bbox 1557 738 1777 810; x_wconf 88' lang='lat' dir='ltr'>datum</span> <span class='ocrx_word' id='word_1_26' title='bbox 1838 740 2277 822; x_wconf 89' lang='lat' dir='ltr'>pollicebatur.</span> <span class='ocrx_word' id='word_1_27' title='bbox 2362 738 2428 801; x_wconf 90' lang='lat' dir='ltr'>id</span> <span class='ocrx_word' id='word_1_28' title='bbox 2481 761 2636 803; x_wconf 88' lang='lat' dir='ltr'>uero</span> <span class='ocrx_word' id='word_1_29' title='bbox 2692 737 2921 803; x_wconf 89' lang='lat' dir='ltr'>Caesar</span> 
     </span>
     <span class='ocr_line' id='line_1_5' title="bbox 617 844 2917 928; baseline 0 -20"><span class='ocrx_word' id='word_1_30' title='bbox 617 844 798 908; x_wconf 89' lang='lat' dir='ltr'>nullo</span> <span class='ocrx_word' id='word_1_31' title='bbox 856 845 1047 908; x_wconf 90' lang='lat' dir='ltr'>modo</span> <span class='ocrx_word' id='word_1_32' title='bbox 1106 845 1508 909; x_wconf 90' lang='lat' dir='ltr'>tolerandum</span> <span class='ocrx_word' id='word_1_33' title='bbox 1566 846 1969 928; x_wconf 83' lang='lat' dir='ltr'>existimans,</span> <span class='ocrx_word' id='word_1_34' title='bbox 2027 868 2172 909; x_wconf 89' lang='lat' dir='ltr'>cum</span> <span class='ocrx_word' id='word_1_35' title='bbox 2220 845 2542 928; x_wconf 88' lang='lat' dir='ltr'>inplorato</span> <span class='ocrx_word' id='word_1_36' title='bbox 2594 844 2917 910; x_wconf 78' lang='lat' dir='ltr'>Ciceronis</span> 
     </span>
     <span class='ocr_line' id='line_1_6' title="bbox 617 951 3004 1034; baseline 0.001 -19"><span class='ocrx_word' id='word_1_37' title='bbox 617 951 989 1016; x_wconf 88' lang='lat' dir='ltr'>testimonio</span> <span class='ocrx_word' id='word_1_38' title='bbox 1032 952 1342 1034; x_wconf 82' lang='lat' dir='ltr'>quaedam</span> <span class='ocrx_word' id='word_1_39' title='bbox 1382 973 1448 1014; x_wconf 92' lang='lat' dir='ltr'>se</span> <span class='ocrx_word' id='word_1_40' title='bbox 1487 952 1562 1015; x_wconf 87' lang='lat' dir='ltr'>de</span> <span class='ocrx_word' id='word_1_41' title='bbox 1601 953 2045 1016; x_wconf 90' lang='lat' dir='ltr'>coniuratione</span> <span class='ocrx_word' id='word_1_42' title='bbox 2090 952 2263 1016; x_wconf 90' lang='lat' dir='ltr'>ultro</span> <span class='ocrx_word' id='word_1_43' title='bbox 2310 953 2391 1015; x_wconf 91' lang='lat' dir='ltr'>ad</span> <span class='ocrx_word' id='word_1_44' title='bbox 2430 974 2575 1016; x_wconf 90' lang='lat' dir='ltr'>eum</span> <span class='ocrx_word' id='word_1_45' title='bbox 2615 952 2918 1016; x_wconf 88' lang='lat' dir='ltr'>detulisse</span> <span class='ocrx_word' id='word_1_46' title='bbox 2976 977 3004 1017; x_wconf 78' lang='lat'><strong>5</strong></span> 
     </span>
     <span class='ocr_line' id='line_1_7' title="bbox 618 1057 2921 1144; baseline 0.001 -25"><span class='ocrx_word' id='word_1_47' title='bbox 618 1057 956 1141; x_wconf 74' lang='lat' dir='ltr'>docuisset,</span> <span class='ocrx_word' id='word_1_48' title='bbox 1004 1080 1084 1121; x_wconf 90' lang='lat' dir='ltr'>ne</span> <span class='ocrx_word' id='word_1_49' title='bbox 1134 1057 1327 1122; x_wconf 91' lang='lat' dir='ltr'>Curio</span> <span class='ocrx_word' id='word_1_50' title='bbox 1374 1059 1659 1141; x_wconf 90' lang='lat' dir='ltr'>praemia</span> <span class='ocrx_word' id='word_1_51' title='bbox 1707 1060 2012 1123; x_wconf 87' lang='lat' dir='ltr'>darentur</span> <span class='ocrx_word' id='word_1_52' title='bbox 2057 1059 2294 1142; x_wconf 81' lang='lat' dir='ltr'>effecit3</span> <span class='ocrx_word' id='word_1_53' title='bbox 2352 1057 2647 1122; x_wconf 90' lang='lat' dir='ltr'>Vettium</span> <span class='ocrx_word' id='word_1_54' title='bbox 2694 1060 2921 1144; x_wconf 85' lang='lat' dir='ltr'>pigno-</span> 
     </span>
     <span class='ocr_line' id='line_1_8' title="bbox 617 1164 2918 1248; baseline 0.001 -22"><span class='ocrx_word' id='word_1_55' title='bbox 617 1164 793 1228; x_wconf 89' lang='lat' dir='ltr'>ribus</span> <span class='ocrx_word' id='word_1_56' title='bbox 858 1165 1062 1248; x_wconf 88' lang='lat' dir='ltr'>captis</span> <span class='ocrx_word' id='word_1_57' title='bbox 1124 1169 1189 1228; x_wconf 90' lang='lat' dir='ltr'>et</span> <span class='ocrx_word' id='word_1_58' title='bbox 1250 1164 1498 1248; x_wconf 90' lang='lat' dir='ltr'>direpta</span> <span class='ocrx_word' id='word_1_59' title='bbox 1565 1165 1961 1248; x_wconf 79' lang='lat' dir='ltr'>supellectile</span> <span class='ocrx_word' id='word_1_60' title='bbox 2027 1166 2190 1229; x_wconf 87' lang='lat' dir='ltr'>male</span> <span class='ocrx_word' id='word_1_61' title='bbox 2251 1167 2603 1231; x_wconf 89' lang='lat' dir='ltr'>mulcatum</span> <span class='ocrx_word' id='word_1_62' title='bbox 2667 1187 2739 1229; x_wconf 91' lang='lat' dir='ltr'>ac</span> <span class='ocrx_word' id='word_1_63' title='bbox 2802 1187 2918 1248; x_wconf 90' lang='lat' dir='ltr'>pro</span> 
     </span>
     <span class='ocr_line' id='line_1_9' title="bbox 617 1271 2919 1356; baseline 0.002 -24"><span class='ocrx_word' id='word_1_64' title='bbox 617 1272 844 1334; x_wconf 87' lang='lat' dir='ltr'>rostris</span> <span class='ocrx_word' id='word_1_65' title='bbox 909 1272 976 1334; x_wconf 91' lang='lat' dir='ltr'>in</span> <span class='ocrx_word' id='word_1_66' title='bbox 1044 1272 1342 1334; x_wconf 89' lang='lat' dir='ltr'>contione</span> <span class='ocrx_word' id='word_1_67' title='bbox 1406 1292 1607 1352; x_wconf 89' lang='lat' dir='ltr'>paene</span> <span class='ocrx_word' id='word_1_68' title='bbox 1676 1271 2066 1355; x_wconf 89' lang='lat' dir='ltr'>discerptum</span> <span class='ocrx_word' id='word_1_69' title='bbox 2144 1273 2372 1336; x_wconf 78' lang='lat' dir='ltr'>coiecit</span> <span class='ocrx_word' id='word_1_70' title='bbox 2444 1273 2511 1335; x_wconf 92' lang='lat' dir='ltr'>in</span> <span class='ocrx_word' id='word_1_71' title='bbox 2579 1293 2919 1356; x_wconf 81' lang='lat' dir='ltr'>carcerem3</span> 
     </span>
     <span class='ocr_line' id='line_1_10' title="bbox 618 1377 2918 1462; baseline 0.001 -23"><span class='ocrx_word' id='word_1_72' title='bbox 618 1377 843 1440; x_wconf 91' lang='lat' dir='ltr'>eodem</span> <span class='ocrx_word' id='word_1_73' title='bbox 880 1377 945 1440; x_wconf 87' lang='lat' dir='ltr'>N</span> <span class='ocrx_word' id='word_1_74' title='bbox 949 1379 1169 1441; x_wconf 88' lang='lat' dir='ltr'>ouium</span> <span class='ocrx_word' id='word_1_75' title='bbox 1211 1381 1632 1459; x_wconf 82' lang='lat' dir='ltr'>quaestorem,</span> <span class='ocrx_word' id='word_1_76' title='bbox 1674 1378 1842 1460; x_wconf 92' lang='lat' dir='ltr'>quod</span> <span class='ocrx_word' id='word_1_77' title='bbox 1884 1380 2258 1462; x_wconf 88' lang='lat' dir='ltr'>compellari</span> <span class='ocrx_word' id='word_1_78' title='bbox 2296 1379 2465 1462; x_wconf 92' lang='lat' dir='ltr'>apud</span> <span class='ocrx_word' id='word_1_79' title='bbox 2504 1401 2570 1441; x_wconf 92' lang='lat' dir='ltr'>se</span> <span class='ocrx_word' id='word_1_80' title='bbox 2610 1380 2918 1442; x_wconf 90' lang='lat' dir='ltr'>maiorem</span> 
     </span>
     <span class='ocr_line' id='line_1_11' title="bbox 617 1487 3004 1567; baseline 0.002 -22"><span class='ocrx_word' id='word_1_81' title='bbox 617 1487 1004 1567; x_wconf 89' lang='lat' dir='ltr'>potestatem</span> <span class='ocrx_word' id='word_1_82' title='bbox 1050 1501 1276 1565; x_wconf 87' lang='lat' dir='ltr'>passus</span> <span class='ocrx_word' id='word_1_83' title='bbox 1324 1488 1505 1546; x_wconf 85' lang='lat' dir='ltr'>esset.</span> <span class='ocrx_word' id='word_1_84' title='bbox 2948 1510 3004 1549; x_wconf 85' lang='grc' dir='ltr'>ιο</span> 
     </span>
    </p>

    <p class='ocr_par' dir='ltr' id='par_1_4' title="bbox 514 1589 3001 2205">
     <span class='ocr_line' id='line_1_12' title="bbox 514 1589 2919 1673; baseline 0 -19"><span class='ocrx_word' id='word_1_85' title='bbox 514 1589 601 1654; x_wconf 86' lang='grc'>18</span> <span class='ocrx_word' id='word_1_86' title='bbox 802 1589 903 1652; x_wconf 84' lang='lat' dir='ltr'>Ex</span> <span class='ocrx_word' id='word_1_87' title='bbox 977 1594 1278 1673; x_wconf 88' lang='lat' dir='ltr'>praetura</span> <span class='ocrx_word' id='word_1_88' title='bbox 1341 1589 1708 1653; x_wconf 77' lang='lat' dir='ltr'>ulteriorem</span> <span class='ocrx_word' id='word_1_89' title='bbox 1781 1590 2050 1653; x_wconf 85' lang='lat' dir='ltr'>sortitus</span> <span class='ocrx_word' id='word_1_90' title='bbox 2116 1590 2496 1673; x_wconf 88' lang='lat' dir='ltr'>Hispaniam</span> <span class='ocrx_word' id='word_1_91' title='bbox 2573 1592 2919 1654; x_wconf 84' lang='lat' dir='ltr'>retinentes</span> 
     </span>
     <span class='ocr_line' id='line_1_13' title="bbox 620 1697 2922 1779; baseline 0 -20"><span class='ocrx_word' id='word_1_92' title='bbox 620 1697 966 1760; x_wconf 87' lang='lat' dir='ltr'>creditores</span> <span class='ocrx_word' id='word_1_93' title='bbox 1017 1698 1384 1760; x_wconf 89' lang='lat' dir='ltr'>interuentu</span> <span class='ocrx_word' id='word_1_94' title='bbox 1442 1717 1825 1778; x_wconf 89' lang='lat' dir='ltr'>sponsorum</span> <span class='ocrx_word' id='word_1_95' title='bbox 1886 1698 2166 1760; x_wconf 91' lang='lat' dir='ltr'>remouit</span> <span class='ocrx_word' id='word_1_96' title='bbox 2221 1718 2294 1760; x_wconf 92' lang='lat' dir='ltr'>ac</span> <span class='ocrx_word' id='word_1_97' title='bbox 2339 1718 2546 1779; x_wconf 89' lang='lat' dir='ltr'>neque</span> <span class='ocrx_word' id='word_1_98' title='bbox 2593 1718 2769 1760; x_wconf 89' lang='lat' dir='ltr'>more</span> <span class='ocrx_word' id='word_1_99' title='bbox 2815 1719 2922 1760; x_wconf 86' lang='lat' dir='ltr'>ne-</span> 
     </span>
     <span class='ocr_line' id='line_1_14' title="bbox 621 1803 2919 1886; baseline 0 -21"><span class='ocrx_word' id='word_1_100' title='bbox 621 1823 744 1885; x_wconf 87' lang='lat' dir='ltr'>que</span> <span class='ocrx_word' id='word_1_101' title='bbox 793 1804 957 1885; x_wconf 90' lang='lat' dir='ltr'>iure,</span> <span class='ocrx_word' id='word_1_102' title='bbox 1004 1808 1150 1866; x_wconf 88' lang='lat' dir='ltr'>ante</span> <span class='ocrx_word' id='word_1_103' title='bbox 1199 1825 1390 1885; x_wconf 90' lang='lat' dir='ltr'>quam</span> <span class='ocrx_word' id='word_1_104' title='bbox 1436 1803 1808 1885; x_wconf 86' lang='lat' dir='ltr'>prouinciae</span> <span class='ocrx_word' id='word_1_105' title='bbox 1857 1803 2380 1886; x_wconf 85' lang='lat' dir='ltr'>or[di]narentur,</span> <span class='ocrx_word' id='word_1_106' title='bbox 2426 1803 2752 1885; x_wconf 85' lang='lat' dir='ltr'>profectus</span> <span class='ocrx_word' id='word_1_107' title='bbox 2798 1807 2919 1866; x_wconf 88' lang='lat' dir='ltr'>est:</span> 
     </span>
     <span class='ocr_line' id='line_1_15' title="bbox 621 1909 2918 1993; baseline 0.001 -22"><span class='ocrx_word' id='word_1_108' title='bbox 621 1909 935 1972; x_wconf 89' lang='lat' dir='ltr'>incertum</span> <span class='ocrx_word' id='word_1_109' title='bbox 1000 1913 1256 1972; x_wconf 88' lang='lat' dir='ltr'>metune</span> <span class='ocrx_word' id='word_1_110' title='bbox 1321 1909 1573 1992; x_wconf 90' lang='lat' dir='ltr'>iudicii,</span> <span class='ocrx_word' id='word_1_111' title='bbox 1641 1909 1815 1991; x_wconf 91' lang='lat' dir='ltr'>quod</span> <span class='ocrx_word' id='word_1_112' title='bbox 1878 1910 2136 1992; x_wconf 90' lang='lat' dir='ltr'>priuato</span> <span class='ocrx_word' id='word_1_113' title='bbox 2202 1910 2580 1993; x_wconf 88' lang='lat' dir='ltr'>parabatur,</span> <span class='ocrx_word' id='word_1_114' title='bbox 2645 1932 2726 1973; x_wconf 90' lang='lat' dir='ltr'>an</span> <span class='ocrx_word' id='word_1_115' title='bbox 2792 1932 2918 1992; x_wconf 93' lang='lat' dir='ltr'>quo</span> 
     </span>
     <span class='ocr_line' id='line_1_16' title="bbox 620 2015 3001 2100; baseline 0.001 -22"><span class='ocrx_word' id='word_1_116' title='bbox 620 2017 932 2079; x_wconf 89' lang='lat' dir='ltr'>maturius</span> <span class='ocrx_word' id='word_1_117' title='bbox 996 2016 1184 2080; x_wconf 90' lang='lat' dir='ltr'>sociis</span> <span class='ocrx_word' id='word_1_118' title='bbox 1247 2016 1721 2099; x_wconf 90' lang='lat' dir='ltr'>inplorantibus</span> <span class='ocrx_word' id='word_1_119' title='bbox 1783 2015 2183 2099; x_wconf 84' lang='lat' dir='ltr'>subueniret3</span> <span class='ocrx_word' id='word_1_120' title='bbox 2246 2020 2600 2100; x_wconf 86' lang='lat' dir='ltr'>pacataque</span> <span class='ocrx_word' id='word_1_121' title='bbox 2660 2018 2919 2100; x_wconf 90' lang='lat' dir='ltr'>prouin-</span> <span class='ocrx_word' id='word_1_122' title='bbox 2951 2042 3001 2081; x_wconf 90' lang='lat'>15</span> 
     </span>
     <span class='ocr_line' id='line_1_17' title="bbox 620 2123 2920 2205; baseline 0 -20"><span class='ocrx_word' id='word_1_123' title='bbox 620 2124 717 2185; x_wconf 89' lang='lat' dir='ltr'>cia</span> <span class='ocrx_word' id='word_1_124' title='bbox 793 2123 934 2205; x_wconf 90' lang='lat' dir='ltr'>pari</span> <span class='ocrx_word' id='word_1_125' title='bbox 1007 2123 1444 2204; x_wconf 87' lang='lat' dir='ltr'>festinatione,</span> <span class='ocrx_word' id='word_1_126' title='bbox 1510 2143 1641 2185; x_wconf 88' lang='lat' dir='ltr'>non</span> <span class='ocrx_word' id='word_1_127' title='bbox 1708 2126 2042 2204; x_wconf 82' lang='lat' dir='ltr'>expectato</span> <span class='ocrx_word' id='word_1_128' title='bbox 2119 2144 2483 2186; x_wconf 89' lang='lat' dir='ltr'>successore</span> <span class='ocrx_word' id='word_1_129' title='bbox 2552 2123 2634 2185; x_wconf 91' lang='lat' dir='ltr'>ad</span> <span class='ocrx_word' id='word_1_130' title='bbox 2698 2124 2920 2186; x_wconf 90' lang='lat' dir='ltr'>trium-</span> 
     </span>
    </p>

    <p class='ocr_par' dir='ltr' id='par_1_5' title="bbox 550 2229 3005 2631">
     <span class='ocr_line' id='line_1_18' title="bbox 550 2229 2920 2311; baseline -0.001 -18"><span class='ocrx_word' id='word_1_131' title='bbox 550 2247 580 2293; x_wconf 82' lang='lat'>2</span> <span class='ocrx_word' id='word_1_132' title='bbox 621 2229 821 2311; x_wconf 91' lang='lat' dir='ltr'>phum</span> <span class='ocrx_word' id='word_1_133' title='bbox 887 2229 1078 2293; x_wconf 83' lang='lat' dir='ltr'>simul</span> <span class='ocrx_word' id='word_1_134' title='bbox 1143 2229 1675 2309; x_wconf 89' lang='lat' dir='ltr'>consulatumque</span> <span class='ocrx_word' id='word_1_135' title='bbox 1742 2229 2029 2292; x_wconf 85' lang='lat' dir='ltr'>decessit.</span> <span class='ocrx_word' id='word_1_136' title='bbox 2126 2229 2235 2292; x_wconf 87' lang='lat' dir='ltr'>sed</span> <span class='ocrx_word' id='word_1_137' title='bbox 2302 2251 2446 2293; x_wconf 89' lang='lat' dir='ltr'>cum</span> <span class='ocrx_word' id='word_1_138' title='bbox 2506 2230 2732 2293; x_wconf 89' lang='lat' dir='ltr'>edictis</span> <span class='ocrx_word' id='word_1_139' title='bbox 2793 2230 2920 2292; x_wconf 84' lang='lat' dir='ltr'>iam</span> 
     </span>
     <span class='ocr_line' id='line_1_19' title="bbox 618 2334 2921 2417; baseline 0 -19"><span class='ocrx_word' id='word_1_140' title='bbox 618 2337 874 2399; x_wconf 87' lang='lat' dir='ltr'>comitis</span> <span class='ocrx_word' id='word_1_141' title='bbox 930 2337 1095 2398; x_wconf 87' lang='lat' dir='ltr'>ratio</span> <span class='ocrx_word' id='word_1_142' title='bbox 1154 2337 1290 2397; x_wconf 90' lang='lat' dir='ltr'>eius</span> <span class='ocrx_word' id='word_1_143' title='bbox 1345 2334 1567 2397; x_wconf 90' lang='lat' dir='ltr'>haberi</span> <span class='ocrx_word' id='word_1_144' title='bbox 1626 2357 1757 2398; x_wconf 91' lang='lat' dir='ltr'>non</span> <span class='ocrx_word' id='word_1_145' title='bbox 1811 2340 2031 2416; x_wconf 88' lang='lat' dir='ltr'>posset</span> <span class='ocrx_word' id='word_1_146' title='bbox 2077 2336 2202 2398; x_wconf 91' lang='lat' dir='ltr'>nisi</span> <span class='ocrx_word' id='word_1_147' title='bbox 2252 2338 2544 2417; x_wconf 89' lang='lat' dir='ltr'>priuatus</span> <span class='ocrx_word' id='word_1_148' title='bbox 2593 2336 2921 2399; x_wconf 87' lang='lat' dir='ltr'>introisset</span> 
     </span>
     <span class='ocr_line' id='line_1_20' title="bbox 619 2442 2920 2525; baseline 0 -21"><span class='ocrx_word' id='word_1_149' title='bbox 619 2443 873 2524; x_wconf 86' lang='lat' dir='ltr'>urbem,</span> <span class='ocrx_word' id='word_1_150' title='bbox 939 2445 1001 2504; x_wconf 91' lang='lat' dir='ltr'>et</span> <span class='ocrx_word' id='word_1_151' title='bbox 1064 2442 1372 2505; x_wconf 85' lang='lat' dir='ltr'>ambienti</span> <span class='ocrx_word' id='word_1_152' title='bbox 1419 2446 1492 2504; x_wconf 91' lang='lat' dir='ltr'>ut</span> <span class='ocrx_word' id='word_1_153' title='bbox 1539 2442 1791 2525; x_wconf 85' lang='lat' dir='ltr'>legibus</span> <span class='ocrx_word' id='word_1_154' title='bbox 1851 2443 2208 2505; x_wconf 82' lang='lat' dir='ltr'>solueretur</span> <span class='ocrx_word' id='word_1_155' title='bbox 2254 2443 2442 2505; x_wconf 88' lang='lat' dir='ltr'>multi</span> <span class='ocrx_word' id='word_1_156' title='bbox 2491 2447 2711 2505; x_wconf 90' lang='lat' dir='ltr'>contra</span> <span class='ocrx_word' id='word_1_157' title='bbox 2760 2443 2920 2506; x_wconf 90' lang='lat' dir='ltr'>dice-</span> 
     </span>
     <span class='ocr_line' id='line_1_21' title="bbox 619 2548 3005 2631; baseline 0.001 -20"><span class='ocrx_word' id='word_1_158' title='bbox 619 2552 790 2631; x_wconf 88' lang='lat' dir='ltr'>rent,</span> <span class='ocrx_word' id='word_1_159' title='bbox 848 2552 1106 2613; x_wconf 87' lang='lat' dir='ltr'>coactus</span> <span class='ocrx_word' id='word_1_160' title='bbox 1163 2552 1259 2611; x_wconf 91' lang='lat' dir='ltr'>est</span> <span class='ocrx_word' id='word_1_161' title='bbox 1305 2548 1737 2630; x_wconf 88' lang='lat' dir='ltr'>triumphum,</span> <span class='ocrx_word' id='word_1_162' title='bbox 1795 2571 1874 2611; x_wconf 91' lang='lat' dir='ltr'>ne</span> <span class='ocrx_word' id='word_1_163' title='bbox 1923 2549 2260 2611; x_wconf 91' lang='lat' dir='ltr'>consulatu</span> <span class='ocrx_word' id='word_1_164' title='bbox 2307 2548 2776 2631; x_wconf 84' lang='lat' dir='ltr'>excluderetur,</span> <span class='ocrx_word' id='word_1_165' title='bbox 2832 2548 2922 2611; x_wconf 79' lang='lat' dir='ltr'>di·</span> <span class='ocrx_word' id='word_1_166' title='bbox 2951 2575 3005 2614; x_wconf 77' lang='lat'>20</span> 
     </span>
    </p>

    <p class='ocr_par' dir='ltr' id='par_1_6' title="bbox 516 2653 3005 3591">
     <span class='ocr_line' id='line_1_22' title="bbox 516 2653 2921 2738; baseline -0 -19"><span class='ocrx_word' id='word_1_167' title='bbox 516 2654 605 2720; x_wconf 78' lang='lat'>19</span> <span class='ocrx_word' id='word_1_168' title='bbox 626 2655 899 2718; x_wconf 90' lang='lat' dir='ltr'>mittere.</span> <span class='ocrx_word' id='word_1_169' title='bbox 993 2676 1026 2718; x_wconf 93' lang='lat' dir='ltr'>e</span> <span class='ocrx_word' id='word_1_170' title='bbox 1075 2654 1323 2718; x_wconf 88' lang='lat' dir='ltr'>duobus</span> <span class='ocrx_word' id='word_1_171' title='bbox 1373 2653 1742 2718; x_wconf 88' lang='lat' dir='ltr'>consulatus</span> <span class='ocrx_word' id='word_1_172' title='bbox 1791 2655 2349 2738; x_wconf 79' lang='lat' dir='ltr'>competitoribuS,</span> <span class='ocrx_word' id='word_1_173' title='bbox 2396 2655 2598 2720; x_wconf 90' lang='lat' dir='ltr'>Lucio</span> <span class='ocrx_word' id='word_1_174' title='bbox 2645 2655 2921 2719; x_wconf 87' lang='lat' dir='ltr'>Lucceio</span> 
     </span>
     <span class='ocr_line' id='line_1_23' title="bbox 621 2760 2919 2844; baseline 0 -20"><span class='ocrx_word' id='word_1_175' title='bbox 621 2760 967 2844; x_wconf 81' lang='lat' dir='ltr'>Marcoque</span> <span class='ocrx_word' id='word_1_176' title='bbox 1013 2761 1269 2844; x_wconf 90' lang='lat' dir='ltr'>Bibulo,</span> <span class='ocrx_word' id='word_1_177' title='bbox 1314 2761 1661 2824; x_wconf 88' lang='lat' dir='ltr'>Lucceium</span> <span class='ocrx_word' id='word_1_178' title='bbox 1710 2761 1834 2825; x_wconf 91' lang='lat' dir='ltr'>sibi</span> <span class='ocrx_word' id='word_1_179' title='bbox 1882 2761 2176 2825; x_wconf 87' lang='lat' dir='ltr'>adiunxit</span> <span class='ocrx_word' id='word_1_180' title='bbox 2220 2767 2446 2844; x_wconf 90' lang='lat' dir='ltr'>pactus</span> <span class='ocrx_word' id='word_1_181' title='bbox 2494 2765 2567 2825; x_wconf 89' lang='lat' dir='ltr'>ut</span> <span class='ocrx_word' id='word_1_182' title='bbox 2625 2762 2679 2825; x_wconf 87' lang='lat' dir='ltr'>is</span> <span class='ocrx_word' id='word_1_183' title='bbox 2691 2812 2708 2843; x_wconf 89' lang='lat'>,</span> <span class='ocrx_word' id='word_1_184' title='bbox 2769 2783 2919 2844; x_wconf 88' lang='lat' dir='ltr'>quo-</span> 
     </span>
     <span class='ocr_line' id='line_1_24' title="bbox 621 2867 2923 2952; baseline 0 -22"><span class='ocrx_word' id='word_1_185' title='bbox 621 2869 793 2930; x_wconf 91' lang='lat' dir='ltr'>niam</span> <span class='ocrx_word' id='word_1_186' title='bbox 856 2869 1123 2931; x_wconf 81' lang='lat' dir='ltr'>inferior</span> <span class='ocrx_word' id='word_1_187' title='bbox 1178 2868 1385 2952; x_wconf 83' lang='lat' dir='ltr'>gratia</span> <span class='ocrx_word' id='word_1_188' title='bbox 1442 2871 1609 2931; x_wconf 89' lang='lat' dir='ltr'>esset</span> <span class='ocrx_word' id='word_1_189' title='bbox 1674 2869 2071 2951; x_wconf 88' lang='lat' dir='ltr'>pecuniaque</span> <span class='ocrx_word' id='word_1_190' title='bbox 2127 2868 2425 2952; x_wconf 89' lang='lat' dir='ltr'>polleret,</span> <span class='ocrx_word' id='word_1_191' title='bbox 2490 2889 2789 2932; x_wconf 87' lang='lat' dir='ltr'>nummos</span> <span class='ocrx_word' id='word_1_192' title='bbox 2847 2867 2923 2931; x_wconf 92' lang='lat' dir='ltr'>de</span> 
     </span>
     <span class='ocr_line' id='line_1_25' title="bbox 624 2975 2923 3059; baseline -0 -21"><span class='ocrx_word' id='word_1_193' title='bbox 624 2996 739 3038; x_wconf 92' lang='lat' dir='ltr'>suo</span> <span class='ocrx_word' id='word_1_194' title='bbox 788 2975 1112 3038; x_wconf 89' lang='lat' dir='ltr'>communi</span> <span class='ocrx_word' id='word_1_195' title='bbox 1149 2976 1409 3038; x_wconf 89' lang='lat' dir='ltr'>nomine</span> <span class='ocrx_word' id='word_1_196' title='bbox 1445 2997 1562 3058; x_wconf 92' lang='lat' dir='ltr'>per</span> <span class='ocrx_word' id='word_1_197' title='bbox 1600 2975 1919 3038; x_wconf 85' lang='lat' dir='ltr'>centurias</span> <span class='ocrx_word' id='word_1_198' title='bbox 1957 2976 2423 3056; x_wconf 88' lang='lat' dir='ltr'>pronuntiaret.</span> <span class='ocrx_word' id='word_1_199' title='bbox 2502 2997 2628 3057; x_wconf 91' lang='lat' dir='ltr'>qua</span> <span class='ocrx_word' id='word_1_200' title='bbox 2664 2975 2923 3059; x_wconf 86' lang='lat' dir='ltr'>cognita</span> 
     </span>
     <span class='ocr_line' id='line_1_26' title="bbox 621 3080 3005 3164; baseline 0.001 -20"><span class='ocrx_word' id='word_1_201' title='bbox 621 3104 689 3144; x_wconf 93' lang='lat' dir='ltr'>re</span> <span class='ocrx_word' id='word_1_202' title='bbox 738 3082 1097 3164; x_wconf 78' lang='lat' dir='ltr'>optimateS,</span> <span class='ocrx_word' id='word_1_203' title='bbox 1145 3103 1307 3164; x_wconf 90' lang='lat' dir='ltr'>quos</span> <span class='ocrx_word' id='word_1_204' title='bbox 1353 3085 1562 3145; x_wconf 85' lang='lat' dir='ltr'>metus</span> <span class='ocrx_word' id='word_1_205' title='bbox 1611 3085 1866 3164; x_wconf 89' lang='lat' dir='ltr'>ceperat</span> <span class='ocrx_word' id='word_1_206' title='bbox 1914 3080 2077 3144; x_wconf 89' lang='lat' dir='ltr'>nihil</span> <span class='ocrx_word' id='word_1_207' title='bbox 2122 3102 2250 3145; x_wconf 90' lang='lat' dir='ltr'>non</span> <span class='ocrx_word' id='word_1_208' title='bbox 2305 3104 2611 3145; x_wconf 88' lang='lat' dir='ltr'>ausurum</span> <span class='ocrx_word' id='word_1_209' title='bbox 2660 3103 2805 3145; x_wconf 88' lang='lat' dir='ltr'>eum</span> <span class='ocrx_word' id='word_1_210' title='bbox 2852 3082 2920 3144; x_wconf 90' lang='lat' dir='ltr'>in</span> <span class='ocrx_word' id='word_1_211' title='bbox 2950 3106 3005 3146; x_wconf 78' lang='lat'>25</span> 
     </span>
     <span class='ocr_line' id='line_1_27' title="bbox 625 3187 2923 3273; baseline 0 -23"><span class='ocrx_word' id='word_1_212' title='bbox 625 3209 876 3251; x_wconf 89' lang='lat' dir='ltr'>summo</span> <span class='ocrx_word' id='word_1_213' title='bbox 924 3189 1305 3273; x_wconf 83' lang='lat' dir='ltr'>magistratu</span> <span class='ocrx_word' id='word_1_214' title='bbox 1353 3187 1655 3251; x_wconf 81' lang='lat' dir='ltr'>concordi</span> <span class='ocrx_word' id='word_1_215' title='bbox 1702 3191 1765 3250; x_wconf 89' lang='lat' dir='ltr'>et</span> <span class='ocrx_word' id='word_1_216' title='bbox 1814 3189 2250 3253; x_wconf 89' lang='lat' dir='ltr'>consentiente</span> <span class='ocrx_word' id='word_1_217' title='bbox 2300 3188 2573 3272; x_wconf 86' lang='lat' dir='ltr'>collega,</span> <span class='ocrx_word' id='word_1_218' title='bbox 2631 3191 2923 3253; x_wconf 89' lang='lat' dir='ltr'>auctores</span> 
     </span>
     <span class='ocr_line' id='line_1_28' title="bbox 623 3293 2922 3378; baseline 0 -21"><span class='ocrx_word' id='word_1_219' title='bbox 623 3294 859 3357; x_wconf 90' lang='lat' dir='ltr'>Bibulo</span> <span class='ocrx_word' id='word_1_220' title='bbox 926 3294 1188 3359; x_wconf 78' lang='lat' dir='ltr'>fuerunt</span> <span class='ocrx_word' id='word_1_221' title='bbox 1253 3295 1629 3358; x_wconf 90' lang='lat' dir='ltr'>tantundem</span> <span class='ocrx_word' id='word_1_222' title='bbox 1691 3293 2067 3376; x_wconf 89' lang='lat' dir='ltr'>pollicendi,</span> <span class='ocrx_word' id='word_1_223' title='bbox 2128 3316 2199 3357; x_wconf 92' lang='lat' dir='ltr'>ac</span> <span class='ocrx_word' id='word_1_224' title='bbox 2262 3295 2552 3377; x_wconf 91' lang='lat' dir='ltr'>plerique</span> <span class='ocrx_word' id='word_1_225' title='bbox 2618 3295 2922 3378; x_wconf 87' lang='lat' dir='ltr'>pecunias</span> 
     </span>
     <span class='ocr_line' id='line_1_29' title="bbox 625 3399 2922 3486; baseline 0 -22"><span class='ocrx_word' id='word_1_226' title='bbox 625 3401 1049 3485; x_wconf 83' lang='lat' dir='ltr'>contulerunt,</span> <span class='ocrx_word' id='word_1_227' title='bbox 1106 3424 1184 3464; x_wconf 92' lang='lat' dir='ltr'>ne</span> <span class='ocrx_word' id='word_1_228' title='bbox 1242 3399 1482 3465; x_wconf 88' lang='lat' dir='ltr'>Catone</span> <span class='ocrx_word' id='word_1_229' title='bbox 1542 3400 1800 3483; x_wconf 92' lang='lat' dir='ltr'>quidem</span> <span class='ocrx_word' id='word_1_230' title='bbox 1858 3400 2177 3465; x_wconf 83' lang='lat' dir='ltr'>abnuente</span> <span class='ocrx_word' id='word_1_231' title='bbox 2233 3423 2373 3464; x_wconf 92' lang='lat' dir='ltr'>eam</span> <span class='ocrx_word' id='word_1_232' title='bbox 2430 3402 2840 3486; x_wconf 85' lang='lat' dir='ltr'>largitionem</span> <span class='ocrx_word' id='word_1_233' title='bbox 2888 3422 2922 3464; x_wconf 90' lang='lat' dir='ltr'>e</span> 
     </span>
     <span class='ocr_line' id='line_1_30' title="bbox 623 3508 1202 3591; baseline 0.002 -21"><span class='ocrx_word' id='word_1_234' title='bbox 623 3530 690 3571; x_wconf 90' lang='lat' dir='ltr'>re</span> <span class='ocrx_word' id='word_1_235' title='bbox 739 3508 999 3591; x_wconf 89' lang='lat' dir='ltr'>publica</span> <span class='ocrx_word' id='word_1_236' title='bbox 1045 3509 1202 3571; x_wconf 92' lang='lat' dir='ltr'>fieri.</span> 
     </span>
    </p>
   </div>
   <div class='ocr_carea' id='block_1_3' title="bbox 623 3842 2931 4553">
    <p class='ocr_par' dir='ltr' id='par_1_7' title="bbox 623 3842 2931 4553">
     <span class='ocr_line' id='line_1_31' title="bbox 768 3842 2931 3912; baseline -0 -17"><span class='ocrx_word' id='word_1_237' title='bbox 768 3849 797 3895; x_wconf 85' lang='lat'>2</span> <span class='ocrx_word' id='word_1_238' title='bbox 839 3843 1025 3896; x_wconf 88' lang='lat' dir='ltr'>curius</span> <span class='ocrx_word' id='word_1_239' title='bbox 1061 3846 1109 3895; x_wconf 72' lang='lat' dir='ltr'><em>Y</em></span> <span class='ocrx_word' id='word_1_240' title='bbox 1136 3849 1185 3896; x_wconf 82' lang='lat' dir='ltr'>et</span> <span class='ocrx_word' id='word_1_241' title='bbox 1220 3844 1299 3897; x_wconf 82' lang='lat' dir='ltr'>sic</span> <span class='ocrx_word' id='word_1_242' title='bbox 1338 3844 1390 3896; x_wconf 88' lang='lat' dir='ltr'><strong><em>V</em></strong></span> <span class='ocrx_word' id='word_1_243' title='bbox 1420 3843 1482 3896; x_wconf 73' lang='lat' dir='ltr'>in</span> <span class='ocrx_word' id='word_1_244' title='bbox 1522 3860 1690 3912; x_wconf 72' lang='lat' dir='ltr'>mary.</span> <span class='ocrx_word' id='word_1_245' title='bbox 1734 3860 1799 3895; x_wconf 84' lang='lat' dir='ltr'>m.</span> <span class='ocrx_word' id='word_1_246' title='bbox 1833 3848 1892 3908; x_wconf 88' lang='lat'>1,</span> <span class='ocrx_word' id='word_1_247' title='bbox 1941 3842 2093 3895; x_wconf 87' lang='lat' dir='ltr'>curio</span> <span class='ocrx_word' id='word_1_248' title='bbox 2127 3844 2200 3895; x_wconf 89' lang='lat' dir='ltr'><em>M</em></span> <span class='ocrx_word' id='word_1_249' title='bbox 2210 3843 2322 3896; x_wconf 76' lang='lat' dir='ltr'>GV</span> <span class='ocrx_word' id='word_1_250' title='bbox 2349 3845 2431 3911; x_wconf 78' lang='lat' dir='ltr'>(in</span> <span class='ocrx_word' id='word_1_251' title='bbox 2469 3845 2637 3911; x_wconf 81' lang='lat' dir='ltr'>textu)</span> <span class='ocrx_word' id='word_1_252' title='bbox 2659 3847 2718 3895; x_wconf 87' lang='lat' dir='ltr'><em>X</em></span> <span class='ocrx_word' id='word_1_253' title='bbox 2748 3845 2829 3912; x_wconf 71' lang='lat' dir='ltr'>(in</span> <span class='ocrx_word' id='word_1_254' title='bbox 2860 3843 2931 3894; x_wconf 91' lang='lat' dir='ltr'><em>M</em></span> 
     </span>
     <span class='ocr_line' id='line_1_32' title="bbox 623 3922 2923 3992; baseline -0.002 -15"><span class='ocrx_word' id='word_1_255' title='bbox 623 3941 825 3977; x_wconf 76' lang='lat' dir='ltr'>rasura</span> <span class='ocrx_word' id='word_1_256' title='bbox 862 3941 1036 3991; x_wconf 76' lang='lat' dir='ltr'>supra</span> <span class='ocrx_word' id='word_1_257' title='bbox 1076 3940 1107 3976; x_wconf 92' lang='lat' dir='ltr'>o</span> <span class='ocrx_word' id='word_1_258' title='bbox 1147 3929 1196 3977; x_wconf 83' lang='lat' dir='ltr'>et</span> <span class='ocrx_word' id='word_1_259' title='bbox 1222 3941 1363 3991; x_wconf 81' lang='lat' dir='ltr'>sequ.</span> <span class='ocrx_word' id='word_1_260' title='bbox 1397 3940 1456 3989; x_wconf 86' lang='lat' dir='ltr'>e,</span> <span class='ocrx_word' id='word_1_261' title='bbox 1493 3924 1619 3989; x_wconf 76' lang='lat' dir='ltr'>fort.</span> <span class='ocrx_word' id='word_1_262' title='bbox 1653 3940 1678 3974; x_wconf 92' lang='lat' dir='ltr'>s</span> <span class='ocrx_word' id='word_1_263' title='bbox 1707 3939 1883 3988; x_wconf 78' lang='lat' dir='ltr'>erasa,</span> <span class='ocrx_word' id='word_1_264' title='bbox 1922 3929 2057 3976; x_wconf 79' lang='lat' dir='ltr'>certe</span> <span class='ocrx_word' id='word_1_265' title='bbox 2087 3923 2302 3975; x_wconf 87' lang='lat' dir='ltr'>curiose</span> <span class='ocrx_word' id='word_1_266' title='bbox 2332 3930 2405 3976; x_wconf 75' lang='lat' dir='ltr'>est</span> <span class='ocrx_word' id='word_1_267' title='bbox 2434 3924 2497 3975; x_wconf 73' lang='lat' dir='ltr'>in</span> <span class='ocrx_word' id='word_1_268' title='bbox 2526 3927 2579 3992; x_wconf 76' lang='grc' dir='ltr'>ὃ)</span> <span class='ocrx_word' id='word_1_269' title='bbox 2726 3939 2756 3976; x_wconf 92' lang='lat' dir='ltr'>e</span> <span class='ocrx_word' id='word_1_270' title='bbox 2785 3922 2923 3975; x_wconf 91' lang='lat' dir='ltr'>cati-</span> 
     </span>
     <span class='ocr_line' id='line_1_33' title="bbox 623 4001 2923 4074; baseline -0.001 -19"><span class='ocrx_word' id='word_1_271' title='bbox 623 4003 767 4074; x_wconf 89' lang='lat' dir='ltr'>lina]</span> <span class='ocrx_word' id='word_1_272' title='bbox 808 4003 1100 4057; x_wconf 89' lang='lat' dir='ltr'>catilinam</span> <span class='ocrx_word' id='word_1_273' title='bbox 1133 4004 1208 4068; x_wconf 77' lang='lat' dir='ltr'>G,</span> <span class='ocrx_word' id='word_1_274' title='bbox 1252 4004 1388 4071; x_wconf 89' lang='lat' dir='ltr'>quia</span> <span class='ocrx_word' id='word_1_275' title='bbox 1423 4020 1526 4071; x_wconf 88' lang='lat' dir='ltr'>per</span> <span class='ocrx_word' id='word_1_276' title='bbox 1564 4002 1856 4055; x_wconf 87' lang='lat' dir='ltr'>catilinam</span> <span class='ocrx_word' id='word_1_277' title='bbox 1895 4006 1953 4054; x_wconf 89' lang='lat' dir='ltr'><em>X</em></span> <span class='ocrx_word' id='word_1_278' title='bbox 2091 4008 2121 4054; x_wconf 88' lang='grc'>6</span> <span class='ocrx_word' id='word_1_279' title='bbox 2161 4001 2375 4054; x_wconf 88' lang='lat' dir='ltr'>curioni</span> <span class='ocrx_word' id='word_1_280' title='bbox 2408 4001 2504 4055; x_wconf 79' lang='lat' dir='ltr'>M²</span> <span class='ocrx_word' id='word_1_281' title='bbox 2652 4008 2679 4055; x_wconf 85' lang='lat'><strong>7</strong></span> <span class='ocrx_word' id='word_1_282' title='bbox 2717 4002 2923 4054; x_wconf 88' lang='lat' dir='ltr'>multa—</span> 
     </span>
     <span class='ocr_line' id='line_1_34' title="bbox 624 4081 2924 4155; baseline -0.001 -20"><span class='ocrx_word' id='word_1_283' title='bbox 624 4085 747 4135; x_wconf 91' lang='lat' dir='ltr'>tum</span> <span class='ocrx_word' id='word_1_284' title='bbox 785 4081 915 4136; x_wconf 79' lang='lat' dir='ltr'>X&#39;T</span> <span class='ocrx_word' id='word_1_285' title='bbox 1078 4090 1108 4135; x_wconf 85' lang='grc'><strong>9</strong></span> <span class='ocrx_word' id='word_1_286' title='bbox 1149 4084 1344 4137; x_wconf 88' lang='lat' dir='ltr'>eodem</span> <span class='ocrx_word' id='word_1_287' title='bbox 1383 4083 1526 4155; x_wconf 87' lang='lat' dir='ltr'>&lt;et&gt;</span> <span class='ocrx_word' id='word_1_288' title='bbox 1570 4083 1801 4137; x_wconf 82' lang='lat' dir='ltr'>Oasaub.</span> <span class='ocrx_word' id='word_1_289' title='bbox 1841 4082 1955 4151; x_wconf 67' lang='grc' dir='ltr'>(ςὲ)</span> <span class='ocrx_word' id='word_1_290' title='bbox 2118 4087 2182 4133; x_wconf 88' lang='grc'>13</span> <span class='ocrx_word' id='word_1_291' title='bbox 2223 4082 2617 4135; x_wconf 90' lang='lat' dir='ltr'>ordinarentur</span> <span class='ocrx_word' id='word_1_292' title='bbox 2654 4082 2924 4150; x_wconf 89' lang='lat' dir='ltr'>(ordiren-</span> 
     </span>
     <span class='ocr_line' id='line_1_35' title="bbox 624 4162 2923 4230; baseline -0 -16"><span class='ocrx_word' id='word_1_293' title='bbox 624 4166 718 4215; x_wconf 92' lang='lat' dir='ltr'>tur</span> <span class='ocrx_word' id='word_1_294' title='bbox 770 4164 859 4230; x_wconf 79' lang='lat'>01)</span> <span class='ocrx_word' id='word_1_295' title='bbox 902 4166 979 4230; x_wconf 75' lang='grc' dir='ltr'>Ω,</span> <span class='ocrx_word' id='word_1_296' title='bbox 1043 4181 1181 4219; x_wconf 78' lang='lat' dir='ltr'>corr.</span> <span class='ocrx_word' id='word_1_297' title='bbox 1228 4164 1538 4218; x_wconf 75' lang='lat' dir='ltr'>Lambinus</span> <span class='ocrx_word' id='word_1_298' title='bbox 1722 4168 1787 4214; x_wconf 83' lang='lat'>19</span> <span class='ocrx_word' id='word_1_299' title='bbox 1844 4162 1903 4214; x_wconf 89' lang='lat' dir='ltr'>in</span> <span class='ocrx_word' id='word_1_300' title='bbox 1950 4162 2145 4214; x_wconf 91' lang='lat' dir='ltr'>urbem</span> <span class='ocrx_word' id='word_1_301' title='bbox 2193 4163 2242 4215; x_wconf 82' lang='lat' dir='ltr'><strong><em>G</em></strong></span> <span class='ocrx_word' id='word_1_302' title='bbox 2263 4164 2313 4215; x_wconf 88' lang='grc' dir='ltr'><em>Τ</em></span> <span class='ocrx_word' id='word_1_303' title='bbox 2487 4167 2550 4215; x_wconf 86' lang='grc'>21</span> <span class='ocrx_word' id='word_1_304' title='bbox 2602 4162 2923 4216; x_wconf 85' lang='lat' dir='ltr'>consulatus</span> 
     </span>
     <span class='ocr_line' id='line_1_36' title="bbox 625 4240 2925 4314; baseline -0.002 -18"><span class='ocrx_word' id='word_1_305' title='bbox 625 4243 862 4311; x_wconf 90' lang='lat' dir='ltr'>(consol-</span> <span class='ocrx_word' id='word_1_306' title='bbox 894 4245 991 4312; x_wconf 90' lang='lat' dir='ltr'>M)</span> <span class='ocrx_word' id='word_1_307' title='bbox 1031 4261 1130 4297; x_wconf 87' lang='lat' dir='ltr'>om.</span> <span class='ocrx_word' id='word_1_308' title='bbox 1164 4261 1223 4309; x_wconf 86' lang='grc' dir='ltr'>ς,</span> <span class='ocrx_word' id='word_1_309' title='bbox 1258 4245 1519 4314; x_wconf 74' lang='lat' dir='ltr'>ylossema</span> <span class='ocrx_word' id='word_1_310' title='bbox 1551 4249 1755 4310; x_wconf 75' lang='lat' dir='ltr'>putant</span> <span class='ocrx_word' id='word_1_311' title='bbox 1793 4242 1943 4294; x_wconf 82' lang='lat' dir='ltr'>Torr.</span> <span class='ocrx_word' id='word_1_312' title='bbox 1985 4242 2055 4295; x_wconf 83' lang='lat' dir='ltr'>al.</span> <span class='ocrx_word' id='word_1_313' title='bbox 2204 4241 2387 4295; x_wconf 91' lang='lat' dir='ltr'>luceio</span> <span class='ocrx_word' id='word_1_314' title='bbox 2422 4242 2541 4295; x_wconf 69' lang='grc' dir='ltr'>ΘΧ</span> <span class='ocrx_word' id='word_1_315' title='bbox 2544 4242 2599 4295; x_wconf 84' lang='lat' dir='ltr'><em>R</em></span> <span class='ocrx_word' id='word_1_316' title='bbox 2745 4247 2810 4293; x_wconf 88' lang='grc'>22</span> <span class='ocrx_word' id='word_1_317' title='bbox 2842 4240 2925 4292; x_wconf 91' lang='lat' dir='ltr'>lu-</span> 
     </span>
     <span class='ocr_line' id='line_1_37' title="bbox 626 4320 2927 4392; baseline -0.001 -17"><span class='ocrx_word' id='word_1_318' title='bbox 626 4323 809 4375; x_wconf 89' lang='lat' dir='ltr'>ceium</span> <span class='ocrx_word' id='word_1_319' title='bbox 848 4325 1055 4391; x_wconf 92' lang='lat' dir='ltr'>(-ceum</span> <span class='ocrx_word' id='word_1_320' title='bbox 1098 4324 1296 4392; x_wconf 78' lang='lat' dir='ltr'><em>O)GX</em></span> <span class='ocrx_word' id='word_1_321' title='bbox 1436 4328 1503 4375; x_wconf 82' lang='lat'>25</span> <span class='ocrx_word' id='word_1_322' title='bbox 1543 4323 1860 4391; x_wconf 84' lang='lat' dir='ltr'>optumates</span> <span class='ocrx_word' id='word_1_323' title='bbox 1894 4323 1968 4374; x_wconf 89' lang='lat' dir='ltr'><em>M</em></span> <span class='ocrx_word' id='word_1_324' title='bbox 1975 4340 2025 4387; x_wconf 83' lang='grc' dir='ltr'>ε,</span> <span class='ocrx_word' id='word_1_325' title='bbox 2080 4323 2315 4391; x_wconf 76' lang='lat' dir='ltr'>ylossam</span> <span class='ocrx_word' id='word_1_326' title='bbox 2358 4321 2673 4388; x_wconf 89' lang='lat' dir='ltr'>antiquitus</span> <span class='ocrx_word' id='word_1_327' title='bbox 2714 4320 2927 4373; x_wconf 86' lang='lat' dir='ltr'>dictum</span> 
     </span>
     <span class='ocr_line' id='line_1_38' title="bbox 625 4400 2926 4471; baseline -0.001 -16"><span class='ocrx_word' id='word_1_328' title='bbox 625 4404 801 4457; x_wconf 78' lang='lat' dir='ltr'>adscr.</span> <span class='ocrx_word' id='word_1_329' title='bbox 845 4404 915 4456; x_wconf 90' lang='grc' dir='ltr'><strong><em>Μ</em></strong></span> <span class='ocrx_word' id='word_1_330' title='bbox 922 4403 941 4433; x_wconf 81' lang='lat'>²</span> <span class='ocrx_word' id='word_1_331' title='bbox 1121 4420 1233 4456; x_wconf 91' lang='lat' dir='ltr'>non</span> <span class='ocrx_word' id='word_1_332' title='bbox 1279 4403 1425 4456; x_wconf 87' lang='lat' dir='ltr'>nihil</span> <span class='ocrx_word' id='word_1_333' title='bbox 1466 4403 1516 4456; x_wconf 78' lang='lat' dir='ltr'><strong><em>G</em></strong></span> <span class='ocrx_word' id='word_1_334' title='bbox 1564 4401 1728 4471; x_wconf 83' lang='lat' dir='ltr'>&lt;nihil</span> <span class='ocrx_word' id='word_1_335' title='bbox 1751 4433 1812 4439; x_wconf 91' lang='lat'>-—</span> <span class='ocrx_word' id='word_1_336' title='bbox 1838 4418 2054 4454; x_wconf 87' lang='lat' dir='ltr'>summo</span> <span class='ocrx_word' id='word_1_337' title='bbox 2104 4418 2201 4455; x_wconf 84' lang='lat' dir='ltr'>om.</span> <span class='ocrx_word' id='word_1_338' title='bbox 2250 4404 2323 4470; x_wconf 84' lang='grc' dir='ltr'>Τ)</span> <span class='ocrx_word' id='word_1_339' title='bbox 2512 4407 2576 4454; x_wconf 82' lang='grc'>27</span> <span class='ocrx_word' id='word_1_340' title='bbox 2635 4400 2926 4470; x_wconf 85' lang='lat' dir='ltr'>pollicenti</span> 
     </span>
     <span class='ocr_line' id='line_1_39' title="bbox 627 4483 1875 4553; baseline -0.001 -17"><span class='ocrx_word' id='word_1_341' title='bbox 627 4484 788 4552; x_wconf 84' lang='lat' dir='ltr'>&lt;-ceri</span> <span class='ocrx_word' id='word_1_342' title='bbox 826 4485 895 4553; x_wconf 87' lang='lat' dir='ltr'>T)</span> <span class='ocrx_word' id='word_1_343' title='bbox 928 4485 1001 4536; x_wconf 87' lang='lat' dir='ltr'><em>M</em></span> <span class='ocrx_word' id='word_1_344' title='bbox 1012 4483 1147 4537; x_wconf 78' lang='lat' dir='ltr'>GX&#39;</span> <span class='ocrx_word' id='word_1_345' title='bbox 1297 4489 1364 4536; x_wconf 89' lang='grc'>28</span> <span class='ocrx_word' id='word_1_346' title='bbox 1405 4483 1631 4549; x_wconf 88' lang='lat' dir='ltr'>quidem</span> <span class='ocrx_word' id='word_1_347' title='bbox 1670 4499 1769 4535; x_wconf 81' lang='lat' dir='ltr'>om.</span> <span class='ocrx_word' id='word_1_348' title='bbox 1823 4483 1875 4535; x_wconf 91' lang='lat' dir='ltr'><strong><em>V</em></strong></span> 
     </span>
    </p>
   </div>
  </div>
 </body>
</html>
