3325 5209
547 364 674 428 218
1249 362 1303 417 C.
1346 361 1658 416 svs'rom
1695 361 2139 426 TRANQVILLI

546 530 811 592 nomina
849 526 1002 591 dum
1031 530 1209 589 taxat
1235 526 1582 612 gentilicia.
1637 525 1968 589 ciuitatem
1998 523 2072 589 R.
2103 529 2486 609 usurpantes
2516 526 2585 588 in
2615 547 2839 609 campo

546 634 890 718 Esquilino
949 632 1155 697 securi
1211 632 1544 716 percussit.
1636 632 2006 715 prouincias
2061 631 2371 696 Achaiam
2432 636 2495 697 et
2550 632 2837 697 Macedo-

546 741 747 824 niam,
813 762 972 825 quas
1037 739 1334 803 Tiberius
1399 739 1480 802 ad
1546 760 1765 803 curam
1830 761 2009 802 suam
2076 739 2523 823 transtulerat,
2588 740 2839 803 senatui

545 847 838 911 reddidit.
921 846 1137 930 Lyciis
1186 846 1267 910 ob
1316 845 1679 910 exitiabiles
1735 846 1905 909 inter
1950 867 2017 909 se
2075 845 2426 909 discordias
2473 845 2837 911 libertatem

544 955 798 1038 ademit,
847 952 1122 1017 Rhodiis
1170 952 1252 1017 ob
1291 952 1752 1036 paenitentiam
1791 956 2083 1017 ueterum
2125 951 2505 1016 delictorum
2543 953 2836 1017 reddidit.
2894 979 2918 1018 5

540 1060 886 1125 Iliensibus
945 1060 1130 1143 quasi
1186 1058 1514 1122 Romanae
1570 1059 1786 1145 gentis
1843 1059 2216 1123 auctoribus
2273 1059 2520 1122 tributa
2579 1059 2644 1123 in
2700 1082 2838 1144 per-

542 1173 809 1252 petuum
857 1166 1106 1231 remisit
1151 1166 1419 1230 recitata
1464 1170 1681 1229 uetere
1729 1166 2008 1249 epistula
2045 1164 2284 1230 Graeca
2333 1171 2590 1230 senatus
2638 1189 2838 1250 popu-

540 1274 718 1358 lique
772 1274 848 1338 R.
908 1272 1175 1339 Seleuco
1241 1273 1379 1359 regi
1445 1272 1792 1336 amicitiam
1861 1277 1924 1336 et
1989 1273 2360 1336 societatem
2425 1273 2518 1336 ita
2582 1274 2834 1337 demum

541 1380 924 1465 pollicentis,
974 1381 1028 1443 si
1076 1380 1587 1465 consanguineos
1636 1401 1788 1443 suos
1836 1378 2102 1444 Ilienses
2150 1379 2229 1443 ab
2279 1380 2454 1443 omni
2494 1402 2684 1444 onere
2722 1382 2835 1443 im-

542 1510 766 1551 munes
822 1487 1268 1571 praestitisset.
1359 1485 1630 1551 Iudaeos
1686 1487 2040 1570 impulsore
2097 1485 2365 1550 Chresto
2428 1487 2682 1550 assidue
2739 1491 2837 1551 tu·
2870 1514 2919 1552 ιο

542 1595 925 1658 multuantis
972 1593 1181 1658 Roma
1236 1593 1500 1677 expulit.
1586 1592 2052 1657 Germanorum
2111 1594 2343 1678 legatis
2397 1595 2464 1656 in
2512 1594 2838 1658 orchestra

544 1703 760 1766 sedere
798 1701 1112 1784 permisit,
1160 1700 1574 1784 simplicitate
1612 1722 1836 1764 eorum
1875 1705 1939 1765 et
1976 1701 2210 1764 fiducia
2248 1705 2626 1786 commotus,
2666 1700 2839 1785 quod

545 1810 613 1871 in
668 1807 1007 1892 popularia
1063 1807 1344 1890 deducti,
1403 1829 1548 1870 cum
1605 1806 2212 1871 animaduertissent
2266 1807 2545 1871 Parthos
2601 1812 2665 1871 et
2720 1806 2835 1871 Ar-

543 1916 792 1979 menios
841 1914 1120 1978 sedentis
1168 1915 1235 1977 in
1283 1919 1526 1997 senatu,
1574 1916 1654 1978 ad
1701 1914 1921 1977 eadem
1966 1912 2108 1977 loca
2156 1919 2384 1998 sponte
2431 1915 2836 1998 transierant,

543 2021 748 2085 nihilo
780 2022 1160 2105 deteriorem
1189 2021 1499 2086 uirtutem
1531 2026 1642 2084 aut
1682 2022 2121 2085 condicionem
2161 2043 2342 2084 suam
2380 2021 2836 2104 praedicantes,
2865 2044 2918 2085 ιε

544 2128 937 2194 Druidarum
983 2128 1364 2213 religionem
1411 2129 1582 2212 apud
1629 2126 1848 2191 Gallos
1903 2127 2077 2191 dirae
2122 2129 2545 2191 immanitatis
2593 2132 2655 2192 et
2703 2133 2836 2192 tan-

541 2242 678 2298 tum
727 2236 976 2299 ciuibus
1017 2235 1134 2298 sub
1174 2234 1474 2320 Augusto
1512 2236 1919 2298 interdictam
1956 2236 2213 2318 penitus
2252 2234 2568 2321 aboleuit3
2616 2239 2838 2299 contra

540 2364 720 2405 sacra
773 2342 1107 2406 Eleusinia
1164 2342 1354 2405 etiam
1414 2341 1763 2405 transferre
1824 2363 1901 2406 ex
1958 2339 2177 2405 Attica
2235 2341 2509 2405 Romam
2570 2346 2836 2406 conatus

540 2454 654 2534 est,
710 2449 1150 2532 templumque
1206 2450 1275 2513 in
1332 2446 1551 2512 Sicilia
1598 2448 1871 2512 Veneris
1931 2448 2250 2531 Erycinae
2311 2451 2632 2513 uetustate
2693 2470 2836 2512 con-

539 2555 791 2640 lapsum
848 2560 921 2618 ut
976 2577 1054 2619 ex
1112 2557 1356 2619 aerario
1412 2578 1559 2639 pop.
1609 2555 1686 2619 R.
1733 2556 2127 2641 reficeretur,
2184 2558 2409 2620 auctor
2464 2556 2604 2619 fuit.
2691 2577 2834 2619 cum
2865 2578 2916 2617 20

539 2663 801 2746 regibus
848 2662 1073 2726 foedus
1123 2664 1189 2724 in
1236 2662 1378 2725 foro
1428 2662 1641 2746 i[e]cit
1685 2684 1882 2745 porca
1929 2684 2110 2726 caesa
2157 2684 2229 2725 ac
2267 2666 2481 2726 uetere
2517 2661 2831 2726 fetialium

538 2769 934 2852 praefatione
998 2768 1302 2832 adhibita.
1389 2769 1499 2832 sed
1565 2773 1629 2832 et
1684 2769 1842 2832 haec
1902 2773 1964 2832 et
2022 2773 2230 2833 cetera
2284 2773 2623 2852 totumque
2679 2769 2834 2833 adeo

541 2897 619 2939 ex
682 2879 865 2958 parte
928 2898 1163 2961 magna
1228 2876 1661 2960 principatum
1728 2898 1858 2939 non
1923 2880 2056 2939 tam
2123 2898 2239 2939 suo
2303 2898 2493 2959 quam
2559 2898 2833 2939 uxorum

542 2982 1051 3067 libertorumque
1099 2982 1366 3046 arbitrio
1415 2982 1911 3066 administrauit,
1958 2983 2108 3046 talis
2154 2982 2394 3066 ubique
2439 2983 2833 3067 plerumque,

542 3088 798 3173 qualem
845 3110 983 3152 esse
1029 3111 1174 3152 eum
1222 3092 1333 3151 aut
1379 3089 1706 3172 expediret
1753 3088 1885 3152 illis
1933 3094 2043 3152 aut
2088 3088 2335 3154 liberet.
2864 3111 2915 3150 25

687 3242 752 3291 10
795 3239 1020 3292 Orosius
1057 3239 1181 3291 VII
1202 3243 1253 3303 6,
1277 3243 1344 3291 15
1393 3254 1539 3290 anno
1587 3237 1839 3291 eiusdem
1890 3255 2037 3291 nono
2085 3237 2344 3305 expulsos
2391 3255 2492 3308 per
2538 3238 2832 3292 Claudium

538 3318 675 3371 urbe
723 3319 957 3387 Iudaeos
1005 3318 1275 3386 Iosephus
1328 3318 1512 3371 refert.
1583 3318 1682 3371 sed
1732 3333 1821 3371 me
1878 3319 2058 3387 magis
2112 3317 2410 3371 Suetonius
2462 3322 2679 3384 mouet,
2737 3318 2835 3386 qui

541 3397 623 3451 ait
660 3399 764 3450 hoc
801 3398 992 3451 modo:
1037 3397 1326 3451 ‘Claudius
1363 3398 1599 3451 Iudaeos
1638 3397 1925 3467 inpulsore
1957 3397 2175 3451 Christo
2216 3399 2450 3452 adsidue
2487 3398 2833 3452 tumultuan-

539 3480 626 3530 tes
657 3478 835 3530 Roma
875 3478 1130 3545 expulit’.
1198 3478 1349 3546 quod
1385 3483 1571 3530 utrum
1613 3480 1807 3532 contra
1847 3478 2128 3531 Christum
2159 3479 2568 3532 tumultuantes
2596 3478 2832 3532 Iudaeos

542 3558 784 3611 coerceri
823 3560 880 3610 et
908 3558 1181 3627 conprimi
1211 3558 1453 3624 iusserit,
1494 3575 1567 3610 an
1595 3558 1769 3611 etiam
1800 3558 2144 3612 Christianos
2176 3559 2343 3611 simul
2371 3559 2529 3612 uelut
2559 3562 2833 3628 cognatae

540 3638 830 3707 religionis
868 3638 1118 3691 homines
1157 3637 1401 3691 uoluerit
1437 3638 1659 3707 expelli,
1699 3654 2053 3706 nequaquam
2094 3639 2442 3692 discernitur.
2558 3644 2621 3691 16
2654 3639 2836 3691 Victor

543 3718 692 3772 Caes.
724 3723 832 3783 4‚2
880 3717 1122 3786 denique
1172 3718 1335 3771 bonis
1384 3719 1708 3772 auctoribus
1757 3735 2075 3787 compressa
2119 3736 2221 3788 per
2267 3737 2394 3773 eum
2440 3718 2583 3771 uitia
2632 3735 2697 3770 ac
2735 3735 2836 3787 per

545 3797 793 3851 Galliam
830 3797 1166 3850 Druidarum
1207 3799 1598 3867 (drysadarum
1634 3805 1685 3851 et
1723 3799 2095 3865 drysudarum
2133 3801 2303 3861 codd.)
2353 3798 2601 3851 famosae
2642 3815 2833 3867 super-

543 3879 814 3931 stitiones.
1001 3884 1067 3930 23
1106 3881 1315 3932 Auson.
1346 3884 1483 3944 265,
1514 3884 1546 3931 3
1593 3878 1862 3931 libertina
1909 3882 2098 3931 tamen
2146 3884 2449 3947 nuptarum
2497 3883 2553 3932 et
2601 3879 2835 3932 crimina

539 3975 738 4028 passus
776 3975 890 4011 non
926 3956 1186 4011 faciendo
1223 3975 1446 4023 nocem,
1487 3959 1584 4011 sed
1620 3959 1890 4026 patiendo
1930 3958 2054 4011 fuit.

685 4100 714 4145 2
755 4092 1029 4161 esquilino
1065 4092 1234 4162 GQT,
1273 4092 1391 4145 -nio
1428 4094 1521 4146 rel.
1647 4097 1678 4143 3
1720 4092 1931 4163 curam]
1971 4109 2195 4145 usuram
2231 4094 2281 4146 G
2407 4098 2433 4144 7
2475 4093 2661 4165 grecie
2694 4094 2746 4147 G

541 4173 893 4243 populusque
925 4174 1108 4227 ΜΘΗ
1217 4179 1247 4225 9
1286 4172 1615 4241 pollicentes
1650 4171 1844 4226 GH²R
1965 4178 2028 4225 10
2056 4172 2275 4226 Christo
2304 4190 2423 4226 eum
2459 4174 2648 4227 Orosio
2678 4174 2836 4227 multi

546 4258 608 4304 16
650 4253 976 4305 druidarum
1005 4254 1070 4306 N
1076 4270 1107 4311 ς
1147 4252 1492 4320 (druidorum
1530 4259 1577 4307 et
1612 4270 1680 4305 ss.
1722 4251 1788 4304 ai:
1826 4251 2151 4306 druidarum
2183 4256 2246 4320 ε),
2287 4252 2612 4306 driadarum
2650 4253 2831 4321 (drya-

544 4332 804 4400 H²RLS)
827 4335 894 4397 Ω,
932 4332 1270 4400 Dryidarum
1298 4333 1377 4386 ed.
1420 4334 1546 4387 Ven.
1578 4335 1618 4385 I
1638 4333 1822 4401 (Roth)
1969 4339 2033 4386 21
2074 4334 2207 4386 iecit
2235 4335 2304 4399 Ω,
2342 4350 2476 4388 corr.
2510 4351 2541 4392 ς
2586 4334 2833 4401 (Sabelli-

541 4414 654 4477 cus)
802 4418 867 4463 24
904 4412 1319 4480 liberorumque
1354 4413 1419 4477 G,
1458 4412 1787 4466 libertorum
1817 4414 1859 4465 S
1997 4414 2345 4467 ministrauit
2377 4414 2486 4467 GX
2636 4414 2833 4480 utique

555 4491 754 4555 Ursin„
790 4491 956 4543 rebus
994 4492 1292 4560 uerbisque
1321 4495 1496 4547 Polak
1640 4498 1707 4544 25
1747 4492 1861 4546 illis
1898 4511 1999 4547 om.
2035 4495 2102 4558 G,
2140 4495 2220 4547 eis
2257 4496 2305 4548 Τ
