<?xml version="1.0" encoding="UTF-8"?>
<!DOCTYPE html PUBLIC "-//W3C//DTD XHTML 1.0 Transitional//EN"
    "http://www.w3.org/TR/xhtml1/DTD/xhtml1-transitional.dtd">
<html xmlns="http://www.w3.org/1999/xhtml" xml:lang="en" lang="en">
 <head>
  <title>
</title>
<meta http-equiv="Content-Type" content="text/html;charset=utf-8" />
  <meta name='ocr-system' content='tesseract 3.04.00' />
  <meta name='ocr-capabilities' content='ocr_page ocr_carea ocr_par ocr_line ocrx_word'/>
</head>
<body>
  <div class='ocr_page' id='page_1' title='image "./csvetonitranqui00unkngoog_0075.png"; bbox 0 0 3325 5209; ppageno 0'>
   <div class='ocr_carea' id='block_1_1' title="bbox 407 530 2723 1868">
    <p class='ocr_par' dir='ltr' id='par_1_1' title="bbox 407 530 2723 1868">
     <span class='ocr_line' id='line_1_1' title="bbox 407 530 2723 1868; baseline 0 0"><span class='ocrx_word' id='word_1_1' title='bbox 407 530 2723 1868; x_wconf 95' lang='lat' dir='ltr'> </span> 
     </span>
    </p>
   </div>
   <div class='ocr_carea' id='block_1_2' title="bbox 739 2102 2387 2373">
    <p class='ocr_par' dir='ltr' id='par_1_2' title="bbox 739 2102 2387 2373">
     <span class='ocr_line' id='line_1_2' title="bbox 915 2102 2202 2206; baseline -0.001 -18"><span class='ocrx_word' id='word_1_2' title='bbox 915 2104 997 2188; x_wconf 86' lang='lat' dir='ltr'>C.</span> <span class='ocrx_word' id='word_1_3' title='bbox 1068 2102 1505 2189; x_wconf 84' lang='lat' dir='ltr'>SVETONI</span> <span class='ocrx_word' id='word_1_4' title='bbox 1571 2103 2202 2206; x_wconf 78' lang='lat' dir='ltr'>TRANQVILLI</span> 
     </span>
     <span class='ocr_line' id='line_1_3' title="bbox 739 2274 2387 2373; baseline 0.003 -5"><span class='ocrx_word' id='word_1_5' title='bbox 739 2274 832 2369; x_wconf 92' lang='lat' dir='ltr'>D</span> <span class='ocrx_word' id='word_1_6' title='bbox 865 2274 946 2368; x_wconf 84' lang='lat' dir='ltr'>E</span> <span class='ocrx_word' id='word_1_7' title='bbox 1041 2274 1209 2370; x_wconf 92' lang='lat' dir='ltr'>VI</span> <span class='ocrx_word' id='word_1_8' title='bbox 1242 2275 1430 2371; x_wconf 84' lang='lat' dir='ltr'>TA</span> <span class='ocrx_word' id='word_1_9' title='bbox 1524 2274 1819 2372; x_wconf 88' lang='lat' dir='ltr'>CAE</span> <span class='ocrx_word' id='word_1_10' title='bbox 1863 2274 2387 2373; x_wconf 78' lang='lat' dir='ltr'><strong>SARVM</strong></span> 
     </span>
    </p>
   </div>
   <div class='ocr_carea' id='block_1_3' title="bbox 1427 2481 1704 2535">
    <p class='ocr_par' dir='ltr' id='par_1_3' title="bbox 1427 2481 1704 2535">
     <span class='ocr_line' id='line_1_4' title="bbox 1427 2481 1704 2535; baseline 0 0"><span class='ocrx_word' id='word_1_11' title='bbox 1427 2482 1642 2535; x_wconf 84' lang='lat' dir='ltr'>LIBER</span> <span class='ocrx_word' id='word_1_12' title='bbox 1679 2481 1704 2535; x_wconf 94' lang='lat' dir='ltr'>I</span> 
     </span>
    </p>
   </div>
   <div class='ocr_carea' id='block_1_4' title="bbox 1121 2628 2017 2739">
    <p class='ocr_par' dir='ltr' id='par_1_4' title="bbox 1121 2628 2017 2739">
     <span class='ocr_line' id='line_1_5' title="bbox 1121 2628 2017 2739; baseline 0.002 -29"><span class='ocrx_word' id='word_1_13' title='bbox 1121 2628 1500 2711; x_wconf 80' lang='lat' dir='ltr'><strong>DIVVS</strong></span> <span class='ocrx_word' id='word_1_14' title='bbox 1566 2629 2017 2739; x_wconf 23' lang='lat' dir='ltr'><strong>IVLIVS·</strong></span> 
     </span>
    </p>
   </div>
   <div class='ocr_carea' id='block_1_5' title="bbox 1539 2805 1568 2837">
    <p class='ocr_par' dir='ltr' id='par_1_5' title="bbox 1539 2805 1568 2837">
     <span class='ocr_line' id='line_1_6' title="bbox 1539 2805 1568 2837; baseline 0 -4"><span class='ocrx_word' id='word_1_15' title='bbox 1539 2805 1568 2837; x_wconf 79' lang='lat'>*</span> 
     </span>
    </p>
   </div>
   <div class='ocr_carea' id='block_1_6' title="bbox 354 2911 2779 3424">
    <p class='ocr_par' dir='ltr' id='par_1_6' title="bbox 409 2911 2779 3316">
     <span class='ocr_line' id='line_1_7' title="bbox 587 2911 2779 2999; baseline 0.001 -23"><span class='ocrx_word' id='word_1_16' title='bbox 587 2912 851 2976; x_wconf 81' lang='lat' dir='ltr'>Annum</span> <span class='ocrx_word' id='word_1_17' title='bbox 898 2933 1094 2997; x_wconf 83' lang='lat' dir='ltr'>agens</span> <span class='ocrx_word' id='word_1_18' title='bbox 1142 2915 1391 2976; x_wconf 76' lang='lat' dir='ltr'>sextum</span> <span class='ocrx_word' id='word_1_19' title='bbox 1443 2911 1760 2975; x_wconf 83' lang='lat' dir='ltr'>decimum</span> <span class='ocrx_word' id='word_1_20' title='bbox 1807 2916 2055 2995; x_wconf 74' lang='lat' dir='ltr'>patrem</span> <span class='ocrx_word' id='word_1_21' title='bbox 2102 2914 2343 2999; x_wconf 73' lang='lat' dir='ltr'>amisit3</span> <span class='ocrx_word' id='word_1_22' title='bbox 2391 2916 2708 2997; x_wconf 76' lang='lat' dir='ltr'>sequenti·</span> <span class='ocrx_word' id='word_1_23' title='bbox 2741 2912 2779 2979; x_wconf 93' lang='grc'>1</span> 
     </span>
     <span class='ocr_line' id='line_1_8' title="bbox 409 3017 2708 3104; baseline 0 -20"><span class='ocrx_word' id='word_1_24' title='bbox 409 3021 658 3103; x_wconf 89' lang='lat' dir='ltr'>busque</span> <span class='ocrx_word' id='word_1_25' title='bbox 716 3018 1090 3084; x_wconf 82' lang='lat' dir='ltr'>oonsulibus</span> <span class='ocrx_word' id='word_1_26' title='bbox 1143 3018 1376 3081; x_wconf 87' lang='lat' dir='ltr'>flamen</span> <span class='ocrx_word' id='word_1_27' title='bbox 1422 3017 1629 3081; x_wconf 87' lang='lat' dir='ltr'>Dialis</span> <span class='ocrx_word' id='word_1_28' title='bbox 1682 3017 2053 3082; x_wconf 35' lang='lat' dir='ltr'>destinatus*</span> <span class='ocrx_word' id='word_1_29' title='bbox 2084 3019 2348 3084; x_wconf 86' lang='lat' dir='ltr'>dimissa</span> <span class='ocrx_word' id='word_1_30' title='bbox 2396 3018 2708 3104; x_wconf 75' lang='lat' dir='ltr'>Cossutia,</span> 
     </span>
     <span class='ocr_line' id='line_1_9' title="bbox 411 3125 2708 3212; baseline 0.001 -23"><span class='ocrx_word' id='word_1_31' title='bbox 411 3148 572 3210; x_wconf 86' lang='lat' dir='ltr'>quae</span> <span class='ocrx_word' id='word_1_32' title='bbox 617 3126 865 3190; x_wconf 87' lang='lat' dir='ltr'>familia</span> <span class='ocrx_word' id='word_1_33' title='bbox 911 3126 1193 3209; x_wconf 77' lang='lat' dir='ltr'><strong>equestri</strong></span> <span class='ocrx_word' id='word_1_34' title='bbox 1240 3125 1349 3188; x_wconf 88' lang='lat' dir='ltr'>sed</span> <span class='ocrx_word' id='word_1_35' title='bbox 1397 3125 1742 3190; x_wconf 80' lang='lat' dir='ltr'><strong>admodum</strong></span> <span class='ocrx_word' id='word_1_36' title='bbox 1783 3125 1961 3189; x_wconf 86' lang='lat' dir='ltr'>diues</span> <span class='ocrx_word' id='word_1_37' title='bbox 1998 3129 2398 3208; x_wconf 75' lang='lat' dir='ltr'>praetextato</span> <span class='ocrx_word' id='word_1_38' title='bbox 2440 3128 2708 3212; x_wconf 86' lang='lat' dir='ltr'>despon-</span> 
     </span>
     <span class='ocr_line' id='line_1_10' title="bbox 409 3229 2709 3316; baseline 0.001 -21"><span class='ocrx_word' id='word_1_39' title='bbox 409 3237 548 3295; x_wconf 76' lang='lat' dir='ltr'>sata</span> <span class='ocrx_word' id='word_1_40' title='bbox 611 3233 848 3316; x_wconf 74' lang='lat' dir='ltr'>fuerat,</span> <span class='ocrx_word' id='word_1_41' title='bbox 915 3230 1273 3297; x_wconf 82' lang='lat' dir='ltr'>Corneliam</span> <span class='ocrx_word' id='word_1_42' title='bbox 1333 3229 1571 3296; x_wconf 82' lang='lat' dir='ltr'>Cinnae</span> <span class='ocrx_word' id='word_1_43' title='bbox 1637 3236 1863 3315; x_wconf 76' lang='lat' dir='ltr'>quater</span> <span class='ocrx_word' id='word_1_44' title='bbox 1929 3232 2209 3297; x_wconf 79' lang='lat' dir='ltr'>consulis</span> <span class='ocrx_word' id='word_1_45' title='bbox 2268 3232 2469 3298; x_wconf 86' lang='lat' dir='ltr'>filiam</span> <span class='ocrx_word' id='word_1_46' title='bbox 2526 3235 2709 3298; x_wconf 77' lang='lat' dir='ltr'>duxit</span> 
     </span>
    </p>

    <p class='ocr_par' dir='ltr' id='par_1_7' title="bbox 354 3335 2708 3424">
     <span class='ocr_line' id='line_1_11' title="bbox 354 3335 2708 3424; baseline 0.001 -22"><span class='ocrx_word' id='word_1_47' title='bbox 354 3362 381 3402; x_wconf 80' lang='lat'><strong>5</strong></span> <span class='ocrx_word' id='word_1_48' title='bbox 408 3361 703 3422; x_wconf 83' lang='lat' dir='ltr'>uxorem,</span> <span class='ocrx_word' id='word_1_49' title='bbox 751 3362 828 3404; x_wconf 83' lang='lat' dir='ltr'>ex</span> <span class='ocrx_word' id='word_1_50' title='bbox 876 3361 1004 3423; x_wconf 88' lang='lat' dir='ltr'>qua</span> <span class='ocrx_word' id='word_1_51' title='bbox 1048 3338 1146 3401; x_wconf 94' lang='lat' dir='ltr'>illi</span> <span class='ocrx_word' id='word_1_52' title='bbox 1190 3359 1343 3401; x_wconf 83' lang='lat' dir='ltr'>mox</span> <span class='ocrx_word' id='word_1_53' title='bbox 1388 3335 1556 3401; x_wconf 91' lang='lat' dir='ltr'>Iulia</span> <span class='ocrx_word' id='word_1_54' title='bbox 1601 3343 1754 3402; x_wconf 73' lang='lat' dir='ltr'>nata</span> <span class='ocrx_word' id='word_1_55' title='bbox 1799 3343 1922 3424; x_wconf 76' lang='lat' dir='ltr'>est3</span> <span class='ocrx_word' id='word_1_56' title='bbox 1971 3361 2179 3423; x_wconf 90' lang='lat' dir='ltr'>neque</span> <span class='ocrx_word' id='word_1_57' title='bbox 2225 3345 2300 3403; x_wconf 73' lang='lat' dir='ltr'>ut</span> <span class='ocrx_word' id='word_1_58' title='bbox 2343 3341 2708 3423; x_wconf 77' lang='lat' dir='ltr'>repudiaret</span> 
     </span>
    </p>
   </div>
   <div class='ocr_carea' id='block_1_7' title="bbox 409 3466 835 3477">
    <p class='ocr_par' dir='ltr' id='par_1_8' title="bbox 409 3466 835 3477">
     <span class='ocr_line' id='line_1_12' title="bbox 409 3466 835 3477; baseline 0 1732"><span class='ocrx_word' id='word_1_59' title='bbox 409 3466 835 3477; x_wconf 95' lang='lat' dir='ltr'> </span> 
     </span>
    </p>
   </div>
   <div class='ocr_carea' id='block_1_8' title="bbox 407 3531 2709 4161">
    <p class='ocr_par' dir='ltr' id='par_1_9' title="bbox 407 3531 2709 4161">
     <span class='ocr_line' id='line_1_13' title="bbox 551 3531 2709 3603; baseline 0.001 -19"><span class='ocrx_word' id='word_1_60' title='bbox 551 3533 850 3599; x_wconf 73' lang='lat' dir='ltr'><strong><em>Inscriptio</em></strong></span> <span class='ocrx_word' id='word_1_61' title='bbox 891 3533 1172 3600; x_wconf 85' lang='lat' dir='ltr'><strong><em>primaria</em></strong></span> <span class='ocrx_word' id='word_1_62' title='bbox 1210 3531 1394 3597; x_wconf 79' lang='lat' dir='ltr'><strong><em>periit.</em></strong></span> <span class='ocrx_word' id='word_1_63' title='bbox 1471 3531 1533 3582; x_wconf 76' lang='lat' dir='ltr'>in</span> <span class='ocrx_word' id='word_1_64' title='bbox 1575 3531 1647 3583; x_wconf 89' lang='lat' dir='ltr'><strong><em>M</em></strong></span> <span class='ocrx_word' id='word_1_65' title='bbox 1678 3532 1773 3599; x_wconf 81' lang='lat' dir='ltr'><strong><em>fol.</em></strong></span> <span class='ocrx_word' id='word_1_66' title='bbox 1814 3538 1845 3585; x_wconf 93' lang='lat'><em>1</em></span> <span class='ocrx_word' id='word_1_67' title='bbox 1893 3533 2143 3603; x_wconf 74' lang='lat' dir='ltr'>maryine</span> <span class='ocrx_word' id='word_1_68' title='bbox 2187 3533 2464 3601; x_wconf 78' lang='lat' dir='ltr'><strong><em>superiore</em></strong></span> <span class='ocrx_word' id='word_1_69' title='bbox 2510 3550 2709 3586; x_wconf 64' lang='lat' dir='ltr'>neonus</span> 
     </span>
     <span class='ocr_line' id='line_1_14' title="bbox 409 3609 2564 3681; baseline -0 -16"><span class='ocrx_word' id='word_1_70' title='bbox 409 3612 584 3666; x_wconf 79' lang='lat' dir='ltr'>altera</span> <span class='ocrx_word' id='word_1_71' title='bbox 620 3612 915 3679; x_wconf 77' lang='lat' dir='ltr'><strong><em>adscripsit</em></strong></span> <span class='ocrx_word' id='word_1_72' title='bbox 942 3609 1145 3679; x_wconf 75' lang='lat' dir='ltr'>incipit</span> <span class='ocrx_word' id='word_1_73' title='bbox 1175 3609 1461 3662; x_wconf 77' lang='lat' dir='ltr'>suetonius</span> <span class='ocrx_word' id='word_1_74' title='bbox 1492 3610 1561 3663; x_wconf 90' lang='lat' dir='ltr'>de</span> <span class='ocrx_word' id='word_1_75' title='bbox 1589 3611 1715 3664; x_wconf 79' lang='lat' dir='ltr'>uita</span> <span class='ocrx_word' id='word_1_76' title='bbox 1743 3618 1954 3665; x_wconf 74' lang='lat' dir='ltr'>eesarfi.</span> <span class='ocrx_word' id='word_1_77' title='bbox 1993 3629 2142 3665; x_wconf 88' lang='lat' dir='ltr'>nune</span> <span class='ocrx_word' id='word_1_78' title='bbox 2170 3614 2331 3681; x_wconf 79' lang='lat' dir='ltr'>gesta</span> <span class='ocrx_word' id='word_1_79' title='bbox 2371 3618 2564 3665; x_wconf 58' lang='lat' dir='ltr'>cesari-1</span> 
     </span>
     <span class='ocr_line' id='line_1_15' title="bbox 407 3689 2709 3760; baseline 0.001 -16"><span class='ocrx_word' id='word_1_80' title='bbox 407 3692 608 3760; x_wconf 77' lang='lat' dir='ltr'><strong><em>reliqui</em></strong></span> <span class='ocrx_word' id='word_1_81' title='bbox 648 3694 729 3745; x_wconf 82' lang='lat' dir='ltr'><strong><em>sic</em></strong></span> <span class='ocrx_word' id='word_1_82' title='bbox 780 3691 1006 3758; x_wconf 85' lang='lat' dir='ltr'><strong><em>(litteris</em></strong></span> <span class='ocrx_word' id='word_1_83' title='bbox 1049 3689 1357 3759; x_wconf 75' lang='lat' dir='ltr'><strong><em>yrandibus</em></strong></span> <span class='ocrx_word' id='word_1_84' title='bbox 1408 3697 1636 3759; x_wconf 78' lang='lat' dir='ltr'>omnes):</span> <span class='ocrx_word' id='word_1_85' title='bbox 1706 3691 1762 3745; x_wconf 90' lang='lat' dir='ltr'>C.</span> <span class='ocrx_word' id='word_1_86' title='bbox 1803 3692 2057 3747; x_wconf 77' lang='lat' dir='ltr'>Suetonii</span> <span class='ocrx_word' id='word_1_87' title='bbox 2105 3691 2421 3760; x_wconf 83' lang='lat' dir='ltr'>Tranquilli</span> <span class='ocrx_word' id='word_1_88' title='bbox 2468 3693 2538 3745; x_wconf 91' lang='lat' dir='ltr'>de</span> <span class='ocrx_word' id='word_1_89' title='bbox 2584 3692 2709 3746; x_wconf 75' lang='lat' dir='ltr'>uita</span> 
     </span>
     <span class='ocr_line' id='line_1_16' title="bbox 410 3768 2709 3841; baseline 0 -17"><span class='ocrx_word' id='word_1_90' title='bbox 410 3769 710 3824; x_wconf 85' lang='lat' dir='ltr'>Caesarum</span> <span class='ocrx_word' id='word_1_91' title='bbox 756 3770 854 3823; x_wconf 90' lang='lat' dir='ltr'>lib.</span> <span class='ocrx_word' id='word_1_92' title='bbox 893 3770 919 3823; x_wconf 92' lang='grc' dir='ltr'><strong>Ι</strong></span> <span class='ocrx_word' id='word_1_93' title='bbox 963 3770 1134 3837; x_wconf 85' lang='lat' dir='ltr'>incip.</span> <span class='ocrx_word' id='word_1_94' title='bbox 1185 3768 1350 3822; x_wconf 89' lang='lat' dir='ltr'>diuus</span> <span class='ocrx_word' id='word_1_95' title='bbox 1406 3768 1580 3822; x_wconf 85' lang='lat' dir='ltr'>Iulius</span> <span class='ocrx_word' id='word_1_96' title='bbox 1620 3770 1824 3825; x_wconf 86' lang='lat' dir='ltr'>Caesar</span> <span class='ocrx_word' id='word_1_97' title='bbox 1870 3773 1932 3825; x_wconf 93' lang='lat' dir='ltr'>in</span> <span class='ocrx_word' id='word_1_98' title='bbox 1976 3772 2174 3841; x_wconf 88' lang='lat' dir='ltr'><strong><em>primis</em></strong></span> <span class='ocrx_word' id='word_1_99' title='bbox 2218 3773 2292 3841; x_wconf 78' lang='lat' dir='ltr'>G,</span> <span class='ocrx_word' id='word_1_100' title='bbox 2350 3771 2413 3826; x_wconf 79' lang='lat' dir='ltr'>G.</span> <span class='ocrx_word' id='word_1_101' title='bbox 2454 3771 2709 3826; x_wconf 70' lang='lat' dir='ltr'>Suetonii</span> 
     </span>
     <span class='ocr_line' id='line_1_17' title="bbox 408 3850 2707 3922; baseline 0.001 -18"><span class='ocrx_word' id='word_1_102' title='bbox 408 3851 725 3919; x_wconf 88' lang='lat' dir='ltr'>Tranquilli</span> <span class='ocrx_word' id='word_1_103' title='bbox 772 3851 841 3904; x_wconf 87' lang='lat' dir='ltr'>de</span> <span class='ocrx_word' id='word_1_104' title='bbox 884 3851 1010 3903; x_wconf 76' lang='lat' dir='ltr'>uita</span> <span class='ocrx_word' id='word_1_105' title='bbox 1057 3850 1357 3905; x_wconf 81' lang='lat' dir='ltr'>Caesarum</span> <span class='ocrx_word' id='word_1_106' title='bbox 1404 3852 1548 3905; x_wconf 87' lang='lat' dir='ltr'>liber</span> <span class='ocrx_word' id='word_1_107' title='bbox 1583 3851 1609 3904; x_wconf 96' lang='lat' dir='ltr'>I</span> <span class='ocrx_word' id='word_1_108' title='bbox 1659 3853 1711 3905; x_wconf 92' lang='lat' dir='ltr'><em>V</em></span> <span class='ocrx_word' id='word_1_109' title='bbox 1740 3860 1788 3906; x_wconf 84' lang='lat' dir='ltr'>et</span> <span class='ocrx_word' id='word_1_110' title='bbox 1834 3854 2086 3907; x_wconf 86' lang='lat' dir='ltr'><strong><em>similiter</em></strong></span> <span class='ocrx_word' id='word_1_111' title='bbox 2133 3854 2176 3907; x_wconf 81' lang='lat' dir='ltr'><strong><em>S</em></strong></span> <span class='ocrx_word' id='word_1_112' title='bbox 2186 3854 2293 3907; x_wconf 83' lang='lat' dir='ltr'>OT</span> <span class='ocrx_word' id='word_1_113' title='bbox 2325 3854 2423 3922; x_wconf 75' lang='lat' dir='ltr'>qui</span> <span class='ocrx_word' id='word_1_114' title='bbox 2458 3854 2570 3920; x_wconf 81' lang='lat' dir='ltr'>fere</span> <span class='ocrx_word' id='word_1_115' title='bbox 2608 3853 2707 3908; x_wconf 83' lang='lat' dir='ltr'>ad-</span> 
     </span>
     <span class='ocr_line' id='line_1_18' title="bbox 408 3929 2709 4001; baseline 0 -16"><span class='ocrx_word' id='word_1_116' title='bbox 408 3932 549 3985; x_wconf 76' lang='lat' dir='ltr'>dunt</span> <span class='ocrx_word' id='word_1_117' title='bbox 594 3931 797 3999; x_wconf 73' lang='lat' dir='ltr'><strong><em>incipit</em></strong></span> <span class='ocrx_word' id='word_1_118' title='bbox 843 3930 1008 3983; x_wconf 86' lang='lat' dir='ltr'>diuus</span> <span class='ocrx_word' id='word_1_119' title='bbox 1054 3929 1257 3999; x_wconf 81' lang='lat' dir='ltr'>Iulius,</span> <span class='ocrx_word' id='word_1_120' title='bbox 1309 3931 1510 3999; x_wconf 74' lang='lat' dir='ltr'><strong><em>incipit</em></strong></span> <span class='ocrx_word' id='word_1_121' title='bbox 1556 3931 1978 3999; x_wconf 76' lang='lat' dir='ltr'>Tranquillinus</span> <span class='ocrx_word' id='word_1_122' title='bbox 2026 3932 2323 3986; x_wconf 78' lang='lat' dir='ltr'>Suetonius</span> <span class='ocrx_word' id='word_1_123' title='bbox 2370 3935 2450 3998; x_wconf 93' lang='lat' dir='ltr'>L,</span> <span class='ocrx_word' id='word_1_124' title='bbox 2505 3933 2709 4001; x_wconf 76' lang='lat' dir='ltr'><strong><em>incipit</em></strong></span> 
     </span>
     <span class='ocr_line' id='line_1_19' title="bbox 407 4010 2706 4081; baseline 0 -17"><span class='ocrx_word' id='word_1_125' title='bbox 407 4011 551 4065; x_wconf 87' lang='lat' dir='ltr'>liber</span> <span class='ocrx_word' id='word_1_126' title='bbox 579 4010 832 4065; x_wconf 74' lang='lat' dir='ltr'>Suetonii</span> <span class='ocrx_word' id='word_1_127' title='bbox 852 4010 1169 4077; x_wconf 86' lang='lat' dir='ltr'>Tranquilli</span> <span class='ocrx_word' id='word_1_128' title='bbox 1199 4012 1268 4065; x_wconf 92' lang='lat' dir='ltr'>de</span> <span class='ocrx_word' id='word_1_129' title='bbox 1296 4012 1419 4064; x_wconf 75' lang='lat' dir='ltr'>uita</span> <span class='ocrx_word' id='word_1_130' title='bbox 1449 4013 1505 4064; x_wconf 77' lang='lat' dir='ltr'>et</span> <span class='ocrx_word' id='word_1_131' title='bbox 1533 4011 1781 4064; x_wconf 84' lang='lat' dir='ltr'>moribus</span> <span class='ocrx_word' id='word_1_132' title='bbox 1812 4011 1912 4064; x_wconf 92' lang='lat' dir='ltr'>XII</span> <span class='ocrx_word' id='word_1_133' title='bbox 1934 4011 2195 4065; x_wconf 85' lang='lat' dir='ltr'>Cesarum</span> <span class='ocrx_word' id='word_1_134' title='bbox 2223 4012 2369 4065; x_wconf 87' lang='lat' dir='ltr'>liber</span> <span class='ocrx_word' id='word_1_135' title='bbox 2405 4012 2618 4081; x_wconf 88' lang='lat' dir='ltr'>primus</span> <span class='ocrx_word' id='word_1_136' title='bbox 2645 4014 2706 4078; x_wconf 88' lang='lat' dir='ltr'>T,</span> 
     </span>
     <span class='ocr_line' id='line_1_20' title="bbox 408 4091 1154 4161; baseline -0.003 -15"><span class='ocrx_word' id='word_1_137' title='bbox 408 4094 567 4147; x_wconf 74' lang='lat' dir='ltr'>nulla</span> <span class='ocrx_word' id='word_1_138' title='bbox 594 4092 962 4161; x_wconf 81' lang='lat' dir='ltr'>praescriptio</span> <span class='ocrx_word' id='word_1_139' title='bbox 999 4091 1060 4143; x_wconf 83' lang='lat' dir='ltr'>in</span> <span class='ocrx_word' id='word_1_140' title='bbox 1099 4093 1154 4144; x_wconf 91' lang='lat' dir='ltr'><em>P</em></span> 
     </span>
    </p>
   </div>
   <div class='ocr_carea' id='block_1_9' title="bbox 408 4204 834 4211">
    <p class='ocr_par' dir='ltr' id='par_1_10' title="bbox 408 4204 834 4211">
     <span class='ocr_line' id='line_1_21' title="bbox 408 4204 834 4211; baseline 0 0"><span class='ocrx_word' id='word_1_141' title='bbox 408 4204 834 4211; x_wconf 95' lang='lat' dir='ltr'> </span> 
     </span>
    </p>
   </div>
   <div class='ocr_carea' id='block_1_10' title="bbox 410 4251 2708 4402">
    <p class='ocr_par' dir='ltr' id='par_1_11' title="bbox 410 4251 2708 4402">
     <span class='ocr_line' id='line_1_22' title="bbox 553 4251 2708 4319; baseline 0 -13"><span class='ocrx_word' id='word_1_142' title='bbox 553 4251 646 4306; x_wconf 78' lang='lat' dir='ltr'>Ad</span> <span class='ocrx_word' id='word_1_143' title='bbox 692 4253 954 4306; x_wconf 75' lang='lat' dir='ltr'>amissum</span> <span class='ocrx_word' id='word_1_144' title='bbox 1002 4251 1132 4305; x_wconf 84' lang='lat' dir='ltr'><strong><em>libri</em></strong></span> <span class='ocrx_word' id='word_1_145' title='bbox 1175 4251 1402 4304; x_wconf 76' lang='lat' dir='ltr'><strong><em>initium</em></strong></span> <span class='ocrx_word' id='word_1_146' title='bbox 1447 4268 1562 4304; x_wconf 73' lang='lat' dir='ltr'>non</span> <span class='ocrx_word' id='word_1_147' title='bbox 1606 4257 1812 4319; x_wconf 81' lang='lat' dir='ltr'>spectat</span> <span class='ocrx_word' id='word_1_148' title='bbox 1859 4252 2008 4306; x_wconf 82' lang='lat' dir='ltr'><strong><em>Seru.</em></strong></span> <span class='ocrx_word' id='word_1_149' title='bbox 2050 4253 2185 4306; x_wconf 77' lang='lat' dir='ltr'>Aen.</span> <span class='ocrx_word' id='word_1_150' title='bbox 2227 4253 2314 4304; x_wconf 92' lang='lat' dir='ltr'>VI</span> <span class='ocrx_word' id='word_1_151' title='bbox 2350 4257 2461 4306; x_wconf 87' lang='grc'>798</span> <span class='ocrx_word' id='word_1_152' title='bbox 2511 4256 2588 4318; x_wconf 79' lang='lat' dir='ltr'>(u.</span> <span class='ocrx_word' id='word_1_153' title='bbox 2631 4254 2708 4307; x_wconf 83' lang='lat' dir='ltr'>ad</span> 
     </span>
     <span class='ocr_line' id='line_1_23' title="bbox 410 4335 687 4402; baseline -0.004 -16"><span class='ocrx_word' id='word_1_154' title='bbox 410 4335 551 4402; x_wconf 65' lang='lat' dir='ltr'>Any.</span> <span class='ocrx_word' id='word_1_155' title='bbox 593 4336 687 4400; x_wconf 81' lang='lat'>94)</span> 
     </span>
    </p>
   </div>
   <div class='ocr_carea' id='block_1_11' title="bbox 410 4437 709 4441">
    <p class='ocr_par' dir='ltr' id='par_1_12' title="bbox 410 4437 709 4441">
     <span class='ocr_line' id='line_1_24' title="bbox 410 4437 709 4441; baseline 0 0"><span class='ocrx_word' id='word_1_156' title='bbox 410 4437 709 4441; x_wconf 95' lang='lat' dir='ltr'> </span> 
     </span>
    </p>
   </div>
   <div class='ocr_carea' id='block_1_12' title="bbox 410 4471 2706 4704">
    <p class='ocr_par' dir='ltr' id='par_1_13' title="bbox 410 4471 2706 4704">
     <span class='ocr_line' id='line_1_25' title="bbox 556 4471 2705 4544; baseline -0 -17"><span class='ocrx_word' id='word_1_157' title='bbox 556 4482 580 4527; x_wconf 94' lang='lat'>1</span> <span class='ocrx_word' id='word_1_158' title='bbox 622 4475 846 4529; x_wconf 87' lang='lat' dir='ltr'>Annum</span> <span class='ocrx_word' id='word_1_159' title='bbox 883 4490 1057 4543; x_wconf 84' lang='lat' dir='ltr'>agens</span> <span class='ocrx_word' id='word_1_160' title='bbox 1089 4473 1480 4541; x_wconf 68' lang='grc' dir='ltr'>Μνὸ,·1ιιιῑιιε</span> <span class='ocrx_word' id='word_1_161' title='bbox 1519 4471 1723 4525; x_wconf 84' lang='lat' dir='ltr'>Caesar</span> <span class='ocrx_word' id='word_1_162' title='bbox 1760 4489 1969 4526; x_wconf 88' lang='lat' dir='ltr'>annum</span> <span class='ocrx_word' id='word_1_163' title='bbox 2008 4491 2179 4544; x_wconf 83' lang='lat' dir='ltr'>agens</span> <span class='ocrx_word' id='word_1_164' title='bbox 2209 4476 2279 4539; x_wconf 86' lang='lat' dir='ltr'>L,</span> <span class='ocrx_word' id='word_1_165' title='bbox 2319 4473 2492 4527; x_wconf 81' lang='lat' dir='ltr'>Gaius</span> <span class='ocrx_word' id='word_1_166' title='bbox 2531 4473 2705 4526; x_wconf 90' lang='lat' dir='ltr'>Iulius</span> 
     </span>
     <span class='ocr_line' id='line_1_26' title="bbox 411 4551 2706 4624; baseline -0.002 -15"><span class='ocrx_word' id='word_1_167' title='bbox 411 4556 613 4609; x_wconf 86' lang='lat' dir='ltr'>Caesar</span> <span class='ocrx_word' id='word_1_168' title='bbox 650 4571 858 4608; x_wconf 79' lang='lat' dir='ltr'>annum</span> <span class='ocrx_word' id='word_1_169' title='bbox 895 4569 1068 4624; x_wconf 88' lang='lat' dir='ltr'>agens</span> <span class='ocrx_word' id='word_1_170' title='bbox 1102 4554 1168 4620; x_wconf 78' lang='lat' dir='ltr'>G,</span> <span class='ocrx_word' id='word_1_171' title='bbox 1208 4554 1431 4606; x_wconf 89' lang='lat' dir='ltr'>Annum</span> <span class='ocrx_word' id='word_1_172' title='bbox 1459 4568 1631 4622; x_wconf 85' lang='lat' dir='ltr'>agens</span> <span class='ocrx_word' id='word_1_173' title='bbox 1659 4551 1866 4606; x_wconf 85' lang='lat' dir='ltr'>Caesar</span> <span class='ocrx_word' id='word_1_174' title='bbox 1893 4555 1983 4607; x_wconf 87' lang='lat' dir='ltr'><strong><em>rel.</em></strong></span> <span class='ocrx_word' id='word_1_175' title='bbox 2007 4557 2155 4622; x_wconf 83' lang='lat' dir='ltr'><strong><em>(post</em></strong></span> <span class='ocrx_word' id='word_1_176' title='bbox 2192 4572 2400 4607; x_wconf 87' lang='lat' dir='ltr'>annum</span> <span class='ocrx_word' id='word_1_177' title='bbox 2433 4554 2706 4606; x_wconf 73' lang='lat' dir='ltr'>nonnulla</span> 
     </span>
     <span class='ocr_line' id='line_1_27' title="bbox 410 4632 2384 4704; baseline -0.002 -15"><span class='ocrx_word' id='word_1_178' title='bbox 410 4652 567 4689; x_wconf 83' lang='lat' dir='ltr'>erasa</span> <span class='ocrx_word' id='word_1_179' title='bbox 594 4636 656 4688; x_wconf 77' lang='lat' dir='ltr'>in</span> <span class='ocrx_word' id='word_1_180' title='bbox 684 4636 763 4703; x_wconf 90' lang='lat' dir='ltr'>P)</span> <span class='ocrx_word' id='word_1_181' title='bbox 910 4640 941 4686; x_wconf 84' lang='lat'><strong>3</strong></span> <span class='ocrx_word' id='word_1_182' title='bbox 981 4652 1058 4688; x_wconf 76' lang='lat' dir='ltr'>an</span> <span class='ocrx_word' id='word_1_183' title='bbox 1095 4634 1373 4702; x_wconf 86' lang='lat' dir='ltr'>desponsa</span> <span class='ocrx_word' id='word_1_184' title='bbox 1400 4632 1430 4686; x_wconf 76' lang='lat'>‚9</span> <span class='ocrx_word' id='word_1_185' title='bbox 1457 4633 1526 4699; x_wconf 81' lang='lat' dir='ltr'>cf.</span> <span class='ocrx_word' id='word_1_186' title='bbox 1553 4633 1745 4688; x_wconf 81' lang='lat' dir='ltr'>Claud.</span> <span class='ocrx_word' id='word_1_187' title='bbox 1767 4637 1843 4686; x_wconf 80' lang='lat'>27</span> <span class='ocrx_word' id='word_1_188' title='bbox 1987 4641 2017 4686; x_wconf 84' lang='lat'>5</span> <span class='ocrx_word' id='word_1_189' title='bbox 2046 4635 2134 4704; x_wconf 75' lang='lat' dir='ltr'>ut]</span> <span class='ocrx_word' id='word_1_190' title='bbox 2165 4635 2302 4701; x_wconf 91' lang='lat' dir='ltr'>quin</span> <span class='ocrx_word' id='word_1_191' title='bbox 2334 4634 2384 4686; x_wconf 76' lang='lat' dir='ltr'><em>G</em></span> 
     </span>
    </p>
   </div>
   <div class='ocr_carea' id='block_1_13' title="bbox 518 4731 2324 4775">
    <p class='ocr_par' dir='ltr' id='par_1_14' title="bbox 518 4731 2324 4775">
     <span class='ocr_line' id='line_1_28' title="bbox 518 4731 2324 4775; baseline 0.002 -3"><span class='ocrx_word' id='word_1_192' title='bbox 518 4732 785 4773; x_wconf 69' lang='lat' dir='ltr'>svm-onum</span> <span class='ocrx_word' id='word_1_193' title='bbox 815 4733 885 4772; x_wconf 83' lang='lat' dir='ltr'>ed.</span> <span class='ocrx_word' id='word_1_194' title='bbox 913 4734 1046 4773; x_wconf 86' lang='lat' dir='ltr'>Ihm.</span> <span class='ocrx_word' id='word_1_195' title='bbox 1101 4734 1138 4772; x_wconf 94' lang='lat' dir='ltr'>I.</span> <span class='ocrx_word' id='word_1_196' title='bbox 2301 4731 2324 4775; x_wconf 94' lang='grc'>1</span> 
     </span>
    </p>
   </div>
  </div>
 </body>
</html>
