3325 5209
1347 422 1546 477 NERO
1586 435 1718 484 [cAP.
1750 437 1872 485 5—8]
2629 425 2761 490 235

466 586 848 649 conterritos
912 586 1241 670 refugisse.
1345 609 1507 669 quae
1569 587 1791 650 fabula
1854 591 2077 652 exorta
2145 592 2241 651 est
2307 589 2630 671 deprensis
2697 591 2764 653 in

465 693 632 756 lecto
697 693 834 756 eius
899 694 1140 757 circum
1204 694 1542 757 ceruicalia
1607 695 1920 776 serpentis
1983 696 2260 778 exuuiis3
2325 718 2482 778 quas
2547 700 2762 759 tamen

465 821 691 863 aureae
748 801 1034 862 armillae
1093 822 1171 863 ex
1227 800 1562 863 uoluntate
1618 801 1844 863 matris
1901 802 2178 864 inclusas
2227 801 2450 864 dextro
2498 802 2760 866 brachio

466 906 745 990 gestauit
810 907 1206 989 aliquamdiu
1281 928 1355 970 ac
1419 908 1630 970 taedio
1707 907 1964 970 tandem
2030 911 2354 971 maternae
2419 909 2763 973 memoriae

411 1040 434 1080 5
463 1012 704 1077 abiecit
743 1035 1089 1096 rursusque
1135 1015 1437 1077 extremis
1486 1013 1617 1077 suis
1664 1013 1856 1078 rebus
1900 1015 2139 1077 frustra
2183 1015 2494 1097 requisiit.

641 1119 847 1183 Tener
902 1120 1109 1185 adhuc
1172 1107 1445 1185 necdum
1503 1120 1755 1183 matura
1816 1120 2093 1203 pueritia
2149 1120 2535 1185 circensibus
2562 1118 2567 1121 Δ
2592 1122 2759 1185 ludis
2794 1121 2830 1185 7

462 1225 721 1289 Troiam
770 1227 1287 1291 constantissime
1333 1227 1902 1309 fauorabiliterque
1948 1229 2121 1290 lusit.
2192 1226 2544 1291 'undecimo
2595 1233 2760 1291 aeta-

462 1333 547 1397 tis
614 1355 780 1396 anno
848 1357 885 1396 a
954 1333 1220 1398 Claudio
1288 1335 1630 1418 adoptatus
1697 1337 1796 1397 est
1851 1333 2246 1416 Annaeoque
2303 1333 2577 1398 Senecae
2635 1337 2759 1398 iam

462 1445 617 1504 tunc
647 1442 926 1504 senatori
964 1443 1031 1503 in
1069 1441 1472 1523 disciplinam
1511 1441 1803 1504 traditus.
1867 1441 2082 1505 ferunt
2121 1439 2427 1505 Senecam
2463 1442 2762 1525 proxima

384 1575 436 1613 ιο
463 1550 651 1610 nocte
698 1548 911 1609 uisum
961 1547 1081 1610 sibi
1130 1570 1243 1629 per
1291 1546 1570 1629 quietem
1620 1546 1687 1610 C.
1729 1546 1982 1610 Caesari
2029 1548 2411 1631 praecipere,
2458 1552 2523 1611 et
2567 1549 2757 1612 fidem

462 1653 714 1716 somnio
770 1652 943 1716 Nero
1001 1654 1182 1716 breui
1239 1654 1392 1717 fecit
1449 1654 1704 1736 prodita
1759 1655 2158 1717 immanitate
2215 1659 2479 1718 naturae
2528 1655 2759 1738 quibus

461 1759 741 1841 primum
797 1761 1012 1842 potuit
1067 1760 1539 1843 experimentis.
1630 1781 1909 1843 namque
1974 1761 2415 1825 Britannicum
2481 1763 2760 1845 fratrem,

463 1865 636 1947 quod
703 1887 767 1928 se
824 1869 972 1949 post
1036 1866 1447 1949 adoptionem
1503 1865 2091 1950 A<h>enobarbum
2157 1889 2233 1929 ex
2302 1869 2760 1933 consuetudine

464 1971 831 2054 salutasset,
889 1977 964 2035 ut
1019 1973 1418 2036 subditiuum
1475 1973 1645 2057 apud
1702 1976 1950 2056 patrem
2007 1995 2275 2058 arguere
2332 1979 2599 2038 conatus
2646 1981 2758 2038 est.

383 2106 434 2146 ιο
463 2078 728 2142 amitam
787 2084 1002 2142 autem
1057 2078 1366 2163 Lepidam
1411 2102 1585 2143 ream
1642 2081 2015 2143 testimonio
2078 2102 2289 2145 coram
2342 2081 2577 2144 afflixit
2624 2103 2760 2165 gra-

462 2185 714 2250 tificans
761 2186 971 2269 matri,
1019 2209 1057 2249 a
1104 2208 1232 2270 qua
1276 2209 1384 2249 rea
1429 2186 1855 2270 premebatur.

640 2291 970 2357 Deductus
1018 2295 1086 2357 in
1131 2294 1344 2356 forum
1393 2294 1519 2356 tiro
1567 2292 1810 2377 populo
1859 2293 2278 2378 congiarium,
2324 2295 2520 2357 militi
2566 2294 2758 2357 dona·
2798 2305 2829 2351 2

461 2399 671 2463 tiuum
741 2402 1082 2484 proposuit
1151 2400 1517 2482 indictaque
1582 2400 1956 2464 decursione
2021 2400 2442 2482 praetorianis
2507 2405 2759 2464 scutum

462 2529 577 2575 sua
625 2529 817 2570 manu
873 2507 1206 2591 praetulit3
1261 2508 1411 2570 exin
1458 2507 1628 2590 patri
1676 2508 1913 2590 gratias
1970 2506 2039 2569 in
2086 2511 2310 2569 senatu
2357 2508 2507 2591 egit.
2590 2507 2762 2590 apud

382 2642 434 2680 20
462 2614 732 2677 eundem
781 2613 1109 2678 consulem
1167 2636 1282 2698 pro
1331 2613 1850 2677 Bononiensibus
1896 2613 2152 2696 Latine,
2207 2634 2323 2696 pro
2372 2613 2621 2677 Rhodis
2669 2617 2761 2676 at-

465 2741 588 2802 que
647 2718 992 2784 Iliensibus
1060 2719 1294 2783 Graece
1364 2719 1560 2784 uerba
1617 2721 1790 2784 fecit.
1887 2719 2254 2803 auspicatus
2315 2724 2414 2783 est
2476 2725 2542 2782 et
2601 2720 2758 2783 iuris

464 2828 811 2891 dictionem
874 2828 1237 2911 praefectus
1294 2827 1440 2890 urbi
1496 2849 1676 2891 sacro
1725 2826 2129 2911 Latinarum,
2175 2826 2604 2892 celeberrimis
2651 2849 2758 2911 pa-

464 2935 669 2998 tronis
715 2954 849 2997 non
894 2933 1266 3016 tralaticias,
1313 2937 1387 2996 ut
1433 2933 1691 3016 assolet,
1738 2938 1804 2997 et
1839 2933 2075 3017 breuis,
2124 2934 2233 2997 sed
2270 2934 2581 2997 maximas
2619 2936 2758 3017 plu-

463 3040 786 3124 rimasque
841 3042 1310 3125 postulationes
1367 3041 1658 3104 certatim
1708 3040 2176 3125 ingerentibus,
2223 3041 2526 3125 quamuis,
2568 3041 2758 3104 inter·
2840 3106 2843 3111 ,

384 3171 435 3212 25
465 3146 706 3211 dictum
756 3170 793 3211 a
841 3146 1107 3212 Claudio
1155 3152 1336 3212 esset.
1419 3169 1537 3211 nec
1583 3148 1789 3211 multo
1837 3152 1987 3231 post
2034 3147 2216 3211 duxit
2263 3168 2527 3210 uxorem
2576 3145 2759 3210 Octa*

464 3255 638 3317 uiam
686 3254 1014 3337 ediditque
1060 3277 1179 3339 pro
1230 3254 1454 3318 Claudi
1502 3257 1707 3317 salute
1754 3255 2068 3318 circenses
2115 3258 2179 3317 et
2225 3255 2650 3318 uenationem.

645 3360 1111 3444 Septemdecim
1169 3367 1358 3424 natus
1414 3383 1642 3444 annos,
1696 3366 1768 3425 ut
1816 3362 1892 3425 de
1942 3361 2206 3426 Claudio
2254 3361 2468 3445 palam
2514 3362 2757 3425 factum
2790 3353 2832 3418 8

464 3473 587 3550 est,
644 3469 810 3532 inter
854 3468 1079 3533 horam
1137 3473 1380 3532 sextam
1430 3470 1896 3551 septimamque
1952 3469 2261 3552 processit
2307 3467 2386 3531 ad
2432 3467 2759 3532 excubito-

463 3598 583 3657 reS,
631 3598 776 3640 cum
824 3576 906 3640 ob
946 3577 1147 3639 totius
1188 3576 1312 3639 diei
1352 3576 1676 3638 diritatem
1715 3595 1843 3638 non
1882 3575 2055 3677 Qd
2095 3574 2467 3658 auspicandi
2505 3578 2758 3658 tempus

386 3707 439 3749 ω
466 3684 1011 3747 accommodatius
1067 3683 1418 3765 uideretur3
1485 3703 1730 3765 proque
1786 3680 1997 3744 Palati
2052 3681 2355 3766 gradibus
2412 3682 2760 3763 imperator

468 3792 905 3854 consalutatus
961 3792 1190 3855 lectica
1246 3791 1312 3852 in
1369 3793 1577 3854 castra
1622 3792 1688 3851 et
1735 3787 1882 3852 inde
1927 3790 2162 3872 raptim
2209 3790 2549 3871 appellatis
2596 3789 2760 3852 mili-

616 3999 640 4045 1
681 3991 907 4045 fabulae
938 3992 1012 4043 M
1171 3997 1201 4043 3
1242 3991 1472 4044 dextero
1505 3992 1556 4045 G
1721 3998 1752 4045 6
1790 3994 1984 4044 tenera
2025 3991 2075 4044 G
2231 3969 2446 4045 ne⁰dum
2481 3992 2531 4044 G
2570 3993 2657 4058 (m.
2690 3995 2761 4057 1),

469 4072 674 4124 nedum
709 4072 757 4124 T
932 4070 1209 4139 pueritiae
1241 4073 1315 4124 M
1356 4071 1505 4139 (inde
1542 4074 1795 4125 maturae
1846 4070 2123 4139 pueritiae
2165 4070 2460 4137 Graevius,
2507 4074 2759 4124 maturus

467 4152 742 4221 pueritiae
764 4153 1013 4222 Bentley)
1130 4157 1157 4203 7
1189 4151 1519 4204 duodecimo
1541 4153 1790 4220 LipsiuS,
1816 4150 1984 4205 tertio
2006 4149 2222 4204 decimo
2251 4151 2299 4203 T
2294 4168 2401 4205 orr.
2512 4156 2543 4203 9
2573 4150 2762 4203 ferunt

468 4250 604 4287 corn
626 4250 692 4287 ex
719 4231 946 4285 fuerunt
968 4234 1041 4286 Μ
1066 4230 1269 4300 (m‚1.9)
1355 4238 1419 4285 16
1451 4249 1562 4299 qua
1589 4231 2080 4299 reprimebaturX
2100 4232 2256 4297 (corr.
2280 4231 2379 4298 12³)
2464 4238 2528 4284 19
2559 4230 2759 4283 exinde

469 4316 543 4380 H,
563 4312 764 4366 exhinc
783 4316 841 4365 X
924 4318 992 4364 20
1012 4311 1375 4365 boniensibus
1399 4314 1473 4366 M
1473 4312 1523 4365 G
1624 4311 1824 4364 Latine
1849 4342 1909 4350 -
1931 4310 2229 4364 Iliensibus
2248 4328 2349 4365 om.
2380 4315 2426 4364 Y
2512 4317 2578 4363 22
2600 4327 2761 4379 prae-

468 4394 633 4448 fectis
662 4393 772 4464 HQ
877 4393 1033 4445 urbis
1064 4407 1222 4446 sacro
1248 4392 1314 4459 G,
1356 4391 1508 4445 urbis
1547 4393 1718 4460 atque
1755 4394 1802 4444 Τ
1911 4396 1977 4444 23
2013 4391 2102 4462 ut]
2134 4394 2192 4443 et
2218 4393 2285 4443 ut
2317 4392 2368 4445 G
2477 4397 2544 4444 29
2575 4391 2761 4459 auspi·

470 4475 637 4529 candi
674 4492 774 4529 om.
805 4473 966 4543 11¹9,
1015 4472 1335 4540 auspicanti
1373 4473 1604 4542 Bentley
1784 4479 1848 4525 31
1890 4471 2275 4524 consulatatus
2318 4471 2585 4541 M(11¹.9)‚
2634 4488 2764 4525 con-

470 4556 685 4609 sulatus
719 4555 838 4624 GQ,
877 4553 1227 4607 consultatus
1259 4551 1456 4607 11²RT
1486 4555 1568 4622 (in
1606 4556 1668 4606 H
1703 4570 1735 4606 a
1772 4559 1836 4606 ut
1870 4554 2093 4606 uidetur
2121 4558 2249 4620 post
2285 4550 2306 4603 l
2343 4555 2522 4620 erasa)
