3325 5209
592 430 678 494 86
1288 428 1343 482 C.
1385 427 1703 482 SVETONI
1740 426 2187 491 TRANQVILLI

590 593 919 675 deesset,
987 593 1414 656 destituere
1479 613 1553 655 ac
1617 591 2165 674 praedamnare
2229 590 2553 655 amicum
2622 591 2890 653 existi-

470 723 479 730 *
589 702 953 784 maretur3
1005 704 1069 762 et
1117 697 1662 762 consentientibus
1711 697 2029 760 uniuersis
2078 697 2242 760 sedit
2288 698 2356 759 in
2404 696 2727 760 subselliis
2775 720 2891 781 per

591 806 839 889 aliquot
883 805 1093 888 horas,
1139 826 1364 868 uerum
1405 803 1642 868 tacitus
1683 807 1746 867 et
1783 826 1863 866 ne
1900 802 2268 867 laudatione
2307 803 2566 886 quidem
2605 803 2889 868 iudiciali

518 930 552 977 4
591 913 758 995 data.
825 911 1009 976 affuit
1048 916 1113 975 et
1151 912 1511 995 clientibuS,
1549 911 1717 974 sicut
1754 909 2048 974 Scutario
2090 909 2339 972 cuidam
2379 914 2649 974 euocato
2690 932 2888 993 quon-

590 1021 737 1084 dam
777 1042 912 1104 suo,
954 1021 1064 1103 qui
1100 1018 1551 1102 postulabatur
1577 1018 1972 1082 iniuriarum.
2039 1039 2237 1080 unum
2278 1018 2539 1081 omnino
2571 1038 2604 1079 e
2632 1039 2888 1080 reorum
2944 1044 2969 1083 5

588 1149 857 1191 numero
897 1148 969 1189 ac
1006 1149 1086 1190 ne
1123 1148 1269 1189 eum
1310 1125 1566 1208 quidem
1605 1125 1732 1188 nisi
1769 1123 2067 1207 precibus
2097 1124 2352 1206 eripuit,
2382 1127 2644 1187 exorato
2676 1144 2888 1187 coram

589 1233 910 1297 iudicibus
968 1236 1361 1315 accusatore,
1421 1230 1832 1313 Castricium,
1892 1253 2007 1314 per
2063 1252 2252 1314 quem
2309 1231 2388 1293 de
2445 1231 2888 1295 coniuratione

588 1339 893 1404 Murenae
941 1342 1347 1424 cognouerat.

483 1444 573 1510 57
771 1445 898 1510 Pro
948 1445 1181 1527 quibus
1228 1445 1477 1508 meritis
1526 1448 1766 1527 quanto
1825 1465 2017 1527 opere
2068 1443 2338 1508 dilectus
2387 1445 2500 1527 sit,
2554 1444 2741 1508 facile
2790 1448 2888 1507 est

588 1554 943 1617 aestimare.
1040 1554 1270 1616 omitto
1329 1556 1588 1615 senatus
1646 1553 1965 1635 consulta,
2014 1553 2165 1634 quia
2210 1555 2482 1635 possunt
2529 1552 2734 1615 uideri
2781 1551 2886 1615 uel
2915 1579 2968 1618 ιο

587 1660 968 1724 necessitate
1015 1681 1319 1743 expressa
1362 1661 1470 1722 uel
1513 1658 1914 1722 uerecundia.
2000 1660 2247 1743 equites
2296 1659 2370 1722 R.
2418 1659 2700 1723 natalem
2746 1658 2885 1721 eius

589 1770 817 1850 sponte
863 1770 1057 1850 atque
1104 1789 1418 1831 consensu
1464 1749 1661 1830 biduo
1712 1788 1964 1850 semper
2010 1767 2426 1830 celebrarunt.
2520 1787 2740 1830 omnes
2789 1787 2886 1829 or-

588 1873 767 1937 dines
823 1874 891 1937 in
947 1876 1158 1937 lacum
1209 1872 1390 1937 Curti
1448 1874 1792 1956 quotannis
1840 1896 1920 1936 ex
1965 1878 2120 1937 uoto
2176 1895 2293 1957 pro
2342 1875 2547 1937 salute
2593 1873 2730 1937 eius
2778 1873 2888 1936 sti-

586 2003 734 2063 pem
782 1980 1124 2064 iaciebant,
1180 1981 1336 2044 item
1391 1980 1533 2044 Kal.
1581 1977 1712 2044 Ian.
1771 1980 2154 2064 stren[u]am
2206 1980 2273 2042 in
2324 1977 2643 2062 Capitolio
2692 1980 2885 2043 etiam

586 2087 868 2170 absenti,
919 2110 998 2150 ex
1045 2109 1172 2170 qua
1219 2110 1466 2151 summa
1512 2088 1979 2171 pretiosissima
2025 2087 2286 2150 deorum
2339 2087 2681 2151 simulacra
2725 2109 2886 2150 mer·
2917 2110 2965 2150 15

587 2198 769 2258 catus
829 2194 1094 2258 uicatim
1155 2194 1514 2275 dedicabat,
1574 2198 1647 2257 ut
1707 2193 2077 2276 Apollinem
2140 2192 2609 2256 Sandaliarium
2669 2197 2733 2256 et
2787 2189 2886 2255 Io-

516 2314 546 2360 2
585 2324 732 2364 uem
780 2299 1184 2385 Tragoedum
1234 2301 1500 2383 aliaque.
1586 2301 1654 2364 in
1692 2300 2253 2382 restitutione<m>
2291 2298 2618 2362 Palatinae
2657 2299 2883 2363 domus

585 2407 882 2471 incendio
948 2407 1323 2489 absumptae
1388 2408 1704 2489 ueterani,
1770 2407 2088 2486 decuriae,
2157 2406 2364 2470 tribus
2432 2410 2623 2489 atque
2689 2407 2883 2470 etiam

587 2514 972 2598 singillatim
1019 2536 1053 2577 e
1110 2518 1319 2577 cetero
1378 2535 1607 2599 genere
1662 2512 2000 2577 hominum
2055 2513 2328 2577 libentes
2386 2534 2460 2576 ac
2512 2534 2631 2596 pro
2687 2514 2882 2577 facul-

585 2624 718 2683 tate
767 2622 1038 2703 quisque
1082 2620 1384 2704 pecunias
1432 2622 1859 2703 contulerunt,
1905 2619 2230 2684 delibante
2276 2624 2530 2683 tantum
2567 2620 2758 2684 modo
2808 2643 2881 2684 eo
2913 2645 2966 2682 20

587 2749 981 2790 summarum
1046 2749 1309 2791 aceruos
1374 2749 1580 2809 neque
1646 2750 1726 2790 ex
1796 2748 2120 2810 quoquam
2186 2727 2332 2810 plus
2396 2727 2656 2791 denario
2714 2728 2884 2790 aufe-

583 2838 779 2897 rente.
856 2838 1280 2898 reuertentem
1332 2857 1410 2898 ex
1455 2835 1792 2918 prouincia
1836 2856 1968 2898 non
2015 2833 2226 2898 solum
2271 2834 2503 2898 faustis
2543 2834 2884 2916 ominibuS,

586 2940 698 3002 sed
773 2944 836 3004 et
910 2940 1258 3005 modulatis
1333 2942 1725 3005 carminibus
1799 2940 2368 3025 prosequebantur.
2472 2941 2881 3005 obseruatum

586 3048 781 3110 etiam
838 3051 959 3129 est,
1014 3071 1095 3111 ne
1152 3050 1449 3130 quotiens
1506 3050 1803 3112 introiret
1856 3047 2112 3132 urbem,
2169 3048 2556 3132 supplicium
2604 3048 2680 3112 de
2728 3068 2882 3129 quo-

376 3221 379 3224 ,
480 3148 571 3213 58
592 3176 781 3236 quam
831 3160 1203 3218 sumeretur.
1281 3154 1491 3218 Patris
1539 3156 1787 3239 patriae
1827 3178 2185 3241 cognomen
2222 3155 2507 3219 uniuersi
2545 3154 2881 3238 repentino
2912 3177 2962 3217 25

585 3261 994 3344 maximoque
1061 3264 1407 3325 consensu'
1448 3261 1816 3325 detulerunt
1880 3263 1963 3325 ei:
2038 3264 2248 3345 prima
2311 3260 2494 3345 plebs
2557 3261 2882 3347 legatione

584 3365 855 3431 Antium
921 3369 1141 3453 missa3
1218 3369 1390 3450 dein,
1456 3369 1605 3451 quia
1671 3390 1800 3432 non
1874 3369 2250 3452 recipiebat,
2325 3369 2574 3432 ineunti
2637 3368 2882 3432 Romae

728 3567 795 3614 25
853 3562 1037 3615 Victor
1086 3562 1232 3616 Cae-3.
1276 3567 1335 3627 1,
1374 3567 1408 3614 6
1472 3563 1636 3629 pater
1689 3561 1909 3629 patriae
1966 3560 2036 3614 ob
2095 3561 2453 3614 clementiam
2494 3604 2547 3614 ..
2584 3605 2593 3614 .
2634 3561 2880 3614 habitus.

586 3642 741 3712 Epit.¹
783 3648 833 3706 1,
861 3646 938 3695 28
974 3645 1194 3709 patrem
1231 3642 1450 3711 patriae
1489 3641 1708 3694 dixerat
1745 3647 1980 3695 senatus.

728 3835 756 3881 7
799 3829 1058 3882 castricio
1084 3828 1134 3882 G
1281 3833 1347 3881 10
1377 3828 1534 3898 quia]
1565 3844 1712 3896 quae
1741 3829 1817 3881 ed.
1845 3830 2000 3882 Rom.
2022 3830 2098 3880 II
2130 3829 2257 3882 Ve‘n.
2278 3829 2319 3880 Ι
2333 3829 2517 3898 (vuly.)
2667 3834 2729 3881 12
2753 3846 2881 3881 con-

585 3926 746 3963 cessu
784 3912 853 3975 52,
891 3911 953 3961 in
984 3911 1038 3963 R
1076 3925 1166 3961 ces
1205 3911 1267 3962 in
1302 3925 1410 3963 ras.
1444 3910 1530 3977 (m.
1564 3907 1655 3974 12>
1692 3909 1819 3974 fort.
1861 3925 1996 3962 corr.
2029 3925 2095 3961 εει·
2132 3924 2421 3976 consensu,
2460 3914 2521 3962 ut
2557 3915 2632 3962 est
2669 3910 2732 3961 in.
2760 3910 2878 3962 edd.

583 3997 687 4043 uet.
721 3991 897 4059 (Rom.
919 3990 997 4043 II
1017 3992 1111 4057 al.)
1214 3988 1575 4046 celebrabant
1598 3989 1792 4042 Modd.
1905 3994 1969 4040 13
2001 3987 2168 4042 curtii
2187 3992 2258 4054 X,
2296 3989 2468 4042 curtis
2493 3988 2545 4042 G
2648 3995 2713 4041 14
2743 3992 2881 4042 stre-

585 4086 715 4122 nam
755 4068 920 4136 11²R‚
961 4071 1247 4122 strennam
1290 4071 1351 4134 T,
1390 4071 1677 4122 strenuam
1713 4071 1804 4123 rel.
1846 4071 2122 4137 (strenuas
2152 4071 2240 4138 P),
2279 4070 2348 4134 ef.
2385 4070 2501 4124 Tib.
2526 4074 2596 4123 34
2750 4086 2880 4121 con-

584 4150 842 4203 ferebant
860 4156 989 4219 post
1016 4149 1294 4217 Capitolio
1326 4151 1451 4203 add.
1483 4150 1692 4214 Duker,
1721 4148 2035 4202 fundebant
2058 4149 2251 4203 Modd.
2392 4155 2457 4202 16
2498 4149 2880 4203 sandaliarum

589 4232 662 4282 M
667 4230 740 4283 ¹G
881 4237 943 4283 17
982 4230 1396 4284 restitutionem
1424 4230 1577 4294 HR,
1616 4245 1711 4281 -ne
1745 4231 1837 4284 rel.
1870 4232 1964 4299 (Ω)
2113 4234 2177 4281 18
2218 4230 2491 4298 abruptae
2520 4233 2578 4282 X
2717 4233 2782 4282 19
2825 4246 2879 4283 e-

586 4311 768 4362 cetere
800 4313 886 4375 M,
929 4314 1113 4381 cetera
1153 4315 1221 4378 (et
1258 4318 1373 4364 tum
1409 4313 1635 4379 genera)
1671 4309 1722 4363 G
1866 4310 2109 4363 libenter
2140 4310 2192 4363 G
2337 4316 2404 4362 20
2444 4309 2889 4364 conferebantN

587 4395 652 4440 21
684 4405 885 4442 aceruo
907 4391 958 4444 G
1062 4397 1066 4401 ’
1102 4391 1415 4444 autferente
1434 4393 1519 4456 M,
1549 4393 1648 4442 aut
1677 4389 1968 4457 frequente
1992 4391 2044 4443 V
2182 4396 2246 4441 22
2284 4389 2563 4443 ominibus
2598 4390 2666 4456 G,
2705 4390 2881 4443 omni-

585 4468 689 4520 bus
727 4470 820 4522 rel.
851 4476 900 4522 et
928 4471 995 4522 N
1026 4473 1142 4539 (per
1169 4471 1544 4538 compendium
1574 4471 1837 4539 plerique,
1875 4472 1936 4523 in
1967 4472 2021 4523 P
2052 4487 2118 4524 ss.
2149 4488 2216 4523 m.
2247 4473 2332 4540 2),
2369 4471 2690 4524 nominibus
2725 4474 2879 4525 Torr.

587 4552 654 4600 25
691 4548 953 4602 uniuerso
988 4550 1114 4619 ,ΜΩ
1260 4557 1324 4602 26
1363 4550 1544 4618 primo
1583 4557 1631 4604 et
1669 4556 1784 4603 tum
1818 4566 1919 4619 per
1956 4550 2174 4603 antium
2216 4551 2266 4605 G
