3325 5209
1088 414 1305 469 DIVVS
1342 414 1724 504 AYGVSTVS
1763 426 1894 476 [cn.
1926 428 2101 476 ‘es—76]
2657 415 2741 480 97

625 575 1107 642 Conuiuabatur
1161 578 1412 643 assidue
1465 601 1584 644 nec
1637 600 1945 662 umquam
1992 579 2119 644 nisi
2172 583 2372 663 recta,
2427 600 2559 645 non
2606 581 2742 643 81118
2760 577 2850 642 74

447 705 679 770 magno
737 685 1036 749 ordinum
1090 685 1554 769 hominumque
1610 684 1866 750 dilectu.
1958 684 2255 750 Valerius
2302 686 2573 750 Messala
2620 691 2744 751 tra-

448 790 569 873 dit,
623 792 947 855 neminem
1002 814 1309 875 umquam
1364 792 1817 855 libertinorum
1870 791 2235 856 adhibitum
2291 794 2369 857 ab
2428 815 2501 857 eo
2552 815 2745 858 cenae

446 903 715 981 excepto
779 897 996 981 Mena,
1062 899 1173 963 sed
1236 902 1479 962 asserto
1545 899 1614 962 in
1679 898 2145 984 ingenuitatem
2209 903 2359 983 post
2423 900 2743 984 proditam

392 1030 418 1069 5
449 1002 627 1068 Sexti
687 1004 958 1089 Pompei
1024 1008 1310 1071 classem.
1402 1005 1540 1090 ipse
1594 1006 1846 1089 scribit,
1907 1005 2213 1069 inuitasse
2274 1028 2340 1070 se
2403 1007 2745 1089 quondam,

374 1152 378 1155 <
446 1110 515 1174 in
562 1112 741 1176 cuius
787 1112 946 1175 uilla
983 1116 1285 1195 maneret,
1333 1114 1443 1196 qui
1482 1112 1849 1197 speculator
1884 1135 2037 1176 suus
2086 1113 2237 1177 olim
2279 1112 2523 1177 fuisset.
2599 1134 2744 1176 con-

447 1218 624 1282 uiuia
676 1239 1161 1300 nonnumquam
1219 1224 1284 1282 et
1329 1220 1531 1284 serius
1586 1219 1795 1283 inibat
1851 1223 1916 1284 et
1961 1221 2276 1283 maturius
2323 1220 2745 1304 relinquebat,

448 1346 593 1390 cum
653 1326 964 1390 conuiuae
1020 1329 1085 1389 et
1140 1347 1364 1391 cenare
1421 1325 1777 1410 inciperent
1785 1377 1824 1416 ,ἡ
1848 1327 2031 1411 prius
2078 1348 2269 1411 quam
2319 1325 2427 1390 ille
2475 1326 2744 1391 discum-

447 1430 643 1514 beret,
689 1437 755 1495 et
798 1435 1244 1516 permanerent
1291 1433 1579 1518 digresso
1627 1455 1721 1497 eo,
1805 1455 2028 1499 cenam
2083 1435 2282 1497 ternis
2329 1433 2588 1499 ferculis
2635 1438 2746 1498 aut

369 1561 420 1602 10
449 1560 594 1602 cum
632 1539 1176 1603 abundantissime
1216 1540 1385 1603 senis
1423 1541 1791 1624 praebebat,
1827 1545 1901 1605 ut
1936 1562 2070 1605 non
2104 1541 2306 1605 nimio
2345 1546 2626 1626 sumptu,
2655 1543 2747 1606 ita

448 1667 697 1708 summa
744 1646 1064 1710 comitate.
1146 1668 1296 1710 nam
1345 1653 1410 1709 et
1450 1647 1528 1710 ad
1568 1649 2085 1712 communionem
2126 1649 2437 1712 sermonis
2475 1648 2746 1712 tacentis

448 1753 553 1816 uel
599 1752 991 1815 summissim
1038 1752 1391 1817 fabulantis
1437 1754 1860 1838 prouocabat,
1918 1759 1982 1818 et
2033 1759 2143 1818 aut
2191 1755 2638 1837 acro<a>mata
2683 1759 2748 1818 et

447 1857 794 1922 histriones
849 1862 963 1922 aut
1017 1859 1211 1923 etiam
1268 1861 1560 1924 triuiales
1611 1883 1691 1924 ex
1738 1861 1908 1926 circo
1956 1860 2251 1944 lud<i>os
2300 1861 2748 1944 interponebat

448 1987 523 2029 ac
568 1966 966 2047 frequentius
1013 1969 1392 2053 aretalogos

369 2093 419 2134 15
624 2071 850 2136 Festos
898 2077 961 2137 et
1008 2072 1348 2138 sollemnes
1396 2075 1530 2139 dies
1567 2075 2042 2159 profusissime,
2088 2096 2570 2158 nonnumquam
2611 2069 2852 2137 tan-75

449 2183 587 2241 tum
644 2180 1016 2244 ioculariter
1061 2180 1443 2245 celebrabat.
1538 2180 2014 2264 Saturnalibus,
2074 2186 2140 2245 et
2185 2182 2239 2245 si
2286 2182 2541 2263 quando
2589 2180 2748 2244 alias

445 2285 766 2367 libuisset,
829 2287 1020 2350 modo
1082 2310 1347 2353 munera
1404 2288 1760 2372 diuidebat,
1819 2293 2066 2354 uestem
2128 2293 2193 2352 et
2253 2311 2479 2352 aurum
2534 2292 2599 2351 et
2654 2311 2749 2351 ar·

448 2396 741 2477 gentum,
801 2395 994 2458 modo
1054 2416 1355 2459 nummos
1418 2397 1628 2460 omnis
1688 2401 1908 2480 notae,
1971 2397 2168 2461 etiam
2229 2401 2476 2461 ueteres
2536 2395 2749 2480 regios

450 2522 524 2565 ac
579 2501 980 2585 peregrinos,
1036 2501 1357 2567 interdum
1414 2504 1580 2568 nihil
1634 2509 1890 2588 praeter
1944 2504 2152 2571 cilicia
2207 2507 2271 2567 et
2327 2502 2630 2588 spongias
2686 2506 2750 2564 et

371 2629 424 2668 ρο
449 2606 748 2671 rutabula
812 2612 876 2671 et
928 2609 1207 2692 forpices
1264 2614 1455 2692 atque
1511 2611 1637 2673 alia
1694 2611 1759 2673 id
1819 2633 2019 2696 genus
2075 2611 2283 2674 titulis
2341 2609 2630 2675 obscuris
2688 2613 2751 2673 et

450 2713 789 2800 ambiguis.
865 2714 1113 2780 solebat
1159 2720 1222 2779 et
1267 2717 1933 2798 inaequalissimarum
1979 2741 2190 2782 rerum
2232 2721 2435 2781 sortes
2474 2721 2538 2780 et
2575 2738 2750 2780 auer-

452 2841 551 2883 sas
597 2820 962 2885 tabularum
1013 2821 1295 2904 picturas
1343 2823 1410 2885 in
1459 2823 1760 2886 conuiuio
1804 2824 2131 2887 uenditare
2178 2825 2551 2906 incertoque
2600 2844 2752 2887 casu

453 2949 629 3011 spem
678 2927 1103 2991 mercantium
1150 2927 1256 2989 uel
1300 2925 1599 2990 frustrari
1643 2928 1752 2990 uel
1797 2930 2072 3011 explere,
2118 2929 2209 2991 ita
2258 2934 2329 2992 ut
2376 2951 2489 3012 per
2536 2929 2751 3012 singu-

451 3036 549 3098 los
596 3036 797 3099 lectos
845 3034 1118 3096 licitatio
1166 3033 1349 3093 fieret
1397 3035 1460 3095 et
1506 3053 1619 3095 8811
1667 3033 1912 3096 iactura
1959 3055 2069 3097 seu
2108 3033 2360 3099 lucrum
2401 3036 2750 3098 communi-

372 3163 425 3201 2⁶
454 3145 723 3206 caretur.
818 3139 945 3202 cibi
990 3176 1072 3182 —
1122 3159 1270 3199 nam
1329 3158 1407 3200 ne
1463 3136 1620 3200 haec
1677 3138 1933 3220 quidem
1992 3140 2315 3203 omiserim
2364 3177 2453 3185 —
2498 3134 2857 3203 1111111111176

600 3374 645 3420 1.
678 3373 707 3419 9
749 3366 1026 3419 Einhard.
1056 3369 1131 3419 24
1168 3366 1578 3420 conuiuabatur
1614 3365 1897 3420 rarissime
1936 3369 1993 3420 et
2028 3367 2135 3420 hoc
2171 3365 2492 3435 praecipuis
2529 3368 2752 3419 tantum

454 3446 881 3513 festiuitatibus‚
920 3448 1053 3499 tunc
1091 3448 1282 3499 tamen
1311 3464 1437 3499 cum
1465 3464 1674 3517 magno
1701 3447 1991 3501 hominum
2019 3463 2265 3501 numero,
2327 3461 2504 3500 caena
2533 3446 2586 3499 ei
2615 3445 2753 3499 coti-

457 3527 626 3580 diana
656 3526 943 3594 quaternis
971 3528 1195 3580 tantum
1223 3527 1449 3580 ferculis
1477 3527 1869 3598 praebebatur.
2033 3534 2098 3581 12
2134 3529 2208 3581 id.
2226 3531 2303 3581 26
2333 3525 2654 3579 submissim
2676 3568 2688 3580 .
2709 3568 2718 3578 .
2741 3570 2750 3580 .

457 3609 724 3662 cantaret.
761 3611 835 3660 24
871 3607 1020 3660 inter
1059 3608 1405 3661 caenandum
1450 3611 1549 3662 aut
1577 3608 1810 3677 aliquod
1841 3625 2102 3662 acroama
2132 3609 2234 3662 aut
2262 3606 2527 3660 lectorem
2560 3607 2753 3660 audie-

456 3688 571 3741 bat.
719 3693 785 3740 25
833 3694 882 3741 et
926 3707 979 3756 p.
1009 3693 1102 3753 98,
1125 3692 1190 3739 14
1248 3689 1403 3756 Epit.
1442 3695 1490 3754 1,
1517 3693 1594 3743 22
1632 3688 1748 3743 cibi
1787 3705 1853 3743 ac
1891 3689 2011 3741 uini
2049 3688 2291 3743 multum
2447 3687 2752 3741 abstinens,

457 3769 734 3822 Eivehard.
754 3772 827 3821 24
865 3768 922 3821 111
960 3768 1086 3822 cibo
1126 3771 1182 3822 et
1208 3771 1347 3837 potu
1375 3772 1714 3838 temperan8‚
1746 3769 1844 3823 sed
1872 3768 1929 3821 in
1958 3771 2097 3838 potu
2125 3768 2544 3837 temperantior.
2619 3768 2751 3823 ibid.

455 3848 577 3900 uini
622 3851 680 3902 et
725 3848 904 3901 omnis
950 3852 1116 3918 potus
1164 3849 1304 3902 adeo
1356 3865 1559 3917 parcus
1604 3851 1664 3902 in
1711 3848 1954 3903 bibendo
2003 3852 2149 3916 erat,
2200 3852 2265 3903 ut
2314 3865 2482 3918 super
2520 3865 2754 3902 caenam

456 3944 581 3980 raro
619 3928 747 3998 plus
787 3945 957 3995 quam
992 3931 1080 3982 ter
1117 3928 1352 3982 biberet.

601 4147 632 4193 2
672 4141 895 4195 delectu
936 4142 1195 4198 RL²P2S
1335 4143 1588 4197 mensala
1625 4143 1867 4197 tradidit
1897 4146 1970 4198 Μ
2114 4150 2144 4200 5
2188 4143 2472 4210 quondam
2506 4144 2630 4198 ΜΘ
2644 4144 2756 4212 νς),

458 4221 740 4289 quendam
779 4224 946 4278 XHR
983 4224 1140 4292 (edd.)
1296 4228 1328 4275 9
1366 4218 1616 4277 fericulis
1650 4224 1761 4279 GR
1912 4227 2013 4277 aut
2051 4225 2200 4294 cum]
2240 4228 2312 4276 asi
2353 4224 2401 4277 G
2552 4229 2618 4276 10
2655 4227 2755 4290 mi,-

458 4302 632 4355 nimio
676 4305 750 4357 M
791 4303 891 4370 (sic
925 4321 994 4357 m.
1027 4306 1105 4373 1),
1151 4304 1384 4357 minimo
1414 4305 1645 4374 Bentley
1795 4311 1859 4357 12
1899 4310 2147 4360 cromata
2180 4307 2252 4358 M
2257 4305 2291 4370 ¹,
2333 4307 2620 4357 acromata
2662 4307 2729 4357 M
2741 4307 2758 4332 ’-’

459 4389 508 4437 et
534 4385 627 4437 rel.
660 4382 1037 4453 (prolixitates
1075 4383 1195 4436 ludi
1233 4401 1302 4438 88.
1342 4385 1406 4437 in
1436 4386 1527 4452 V),
1564 4401 1700 4438 corr.
1734 4384 2034 4439 Sabellicus
2218 4389 2281 4436 13
2321 4383 2483 4436 ludos
2510 4387 2580 4448 Ω,
2619 4401 2756 4437 corr.

460 4464 773 4518 Beroaldus
801 4465 876 4534 (ς)
1014 4469 1079 4517 16
1117 4463 1429 4534 uolgariter
1451 4464 1649 4534 Mc’ihly
1787 4469 1852 4517 21
1894 4465 2160 4517 aduersas
2193 4464 2294 4528 VS,
2333 4479 2532 4516 auersa
2565 4470 2614 4516 et
2645 4470 2754 4516 tum

459 4544 743 4612 pictarum
771 4545 1006 4614 Bentley
1150 4549 1218 4597 22
1256 4543 1502 4612 plictura
1543 4546 1616 4599 M
1621 4544 1651 4608 ¹,
1693 4543 1966 4614 plicturas
2008 4544 2219 4599 M²VR
2253 4547 2378 4611 fort.
2427 4545 2629 4597 rectius

566 4644 837 4684 ενι-10111118
866 4644 934 4683 ed.
965 4644 1097 4684 Ihm.
1155 4646 1191 4684 Ι.
2300 4638 2327 4684 7
