3325 5209
1215 428 1590 485 VITELLIVS
1630 440 1762 490 [car.
1793 441 1969 490 14—16]
2605 428 2737 493 303

439 593 822 678 Vespasiani
866 593 1067 658 fratre
1103 594 1379 680 pe'pigit3
1425 593 1776 677 statimque
1813 615 1933 678 pro
1971 592 2280 680 gradibus
2316 591 2528 655 Palati
2565 592 2736 676 apud

442 699 812 784 frequentes
864 700 1104 765 milites
1161 700 1380 764 cedere
1435 723 1502 765 se
1556 700 1830 784 imperio
1881 700 2054 783 quod
2101 700 2346 763 inuitus
2393 700 2737 784 recepisset

442 808 785 891 professus,
841 808 1089 871 cunctis
1144 806 1643 872 reclamantibus
1701 828 1836 872 rem
1893 802 2145 871 distulit
2191 828 2263 870 ac
2307 810 2498 870 nocte
2542 805 2736 869 inter·

440 914 654 1000 posita
689 913 902 999 primo
942 913 1223 978 diluculo
1263 913 1628 978 sordidatus
1668 913 1994 978 descendit
2033 913 2115 977 ad
2150 917 2360 977 rostra
2388 912 2737 997 multisque

390 1045 414 1086 5
443 1043 590 1086 cum
634 1021 916 1085 lacrimis
963 1022 1183 1085 eadem
1229 1020 1359 1104 illa,
1405 1042 1634 1084 uerum
1682 1043 1716 1084 e
1763 1019 1985 1083 libello
2024 1023 2298 1084 testatus
2327 1024 2443 1084 est.
2516 1042 2737 1084 rursus

442 1127 893 1212 interpellante
930 1128 1137 1192 milite
1176 1149 1249 1191 ac
1284 1128 1528 1212 populo
1568 1131 1633 1191 et
1670 1148 1751 1191 ne
1790 1126 2090 1193 deficeret
2125 1126 2427 1191 hortante
2457 1148 2737 1191 emnem-

447 1257 570 1318 que
636 1257 905 1320 operam
978 1256 1159 1298 suam
1233 1235 1526 1298 certatim
1588 1233 1962 1318 pollicente,
2042 1230 2325 1297 animum
2392 1233 2740 1317 resumpsit

447 1341 884 1425 Sabinumque
959 1346 1022 1405 et
1082 1341 1366 1425 reliquos
1433 1341 1776 1405 Flauianos
1840 1340 2006 1405 nihil
2072 1341 2201 1404 iam
2261 1341 2609 1405 metuentis
2672 1341 2740 1404 ui

442 1448 658 1513 subita
703 1448 770 1511 in
819 1447 1211 1533 Capitolium
1258 1448 1572 1533 compulit
1617 1470 2054 1531 succensoque
2100 1450 2344 1532 templo
2391 1446 2567 1512 Iouis
2614 1445 2740 1533 Op-

365 1579 416 1618 10
443 1555 587 1618 timi
634 1555 904 1619 Maximi
951 1555 1296 1639 oppressit,
1344 1577 1489 1618 cum
1539 1559 1602 1618 et
1647 1548 1968 1638 proelium
2006 1557 2070 1617 et
2099 1553 2464 1619 incendium
2493 1577 2528 1619 e
2555 1554 2742 1618 Tibe-

442 1662 622 1725 riana
659 1662 1056 1746 prospiceret
1086 1661 1276 1725 domo
1306 1662 1475 1724 inter
1504 1662 1741 1745 epulas
1805 1684 1937 1725 non
1975 1662 2181 1726 multo
2219 1665 2370 1746 post
2406 1664 2740 1746 paenitens

442 1768 597 1832 facti
658 1772 722 1831 et
781 1768 850 1831 in
911 1767 1071 1832 alios
1132 1767 1386 1852 culpam
1453 1766 1789 1831 conferens
1850 1772 2080 1831 uocata
2141 1770 2441 1834 contione
2501 1770 2742 1833 iurauit

446 1874 787 1959 coegitque
833 1874 1046 1938 iurare
1092 1879 1155 1938 et
1202 1878 1446 1938 ceteros
1477 1874 1657 1937 'nihil
1695 1873 1821 1937 sibi
1862 1874 2191 1957 antiquius
2231 1876 2446 1959 quiete
2481 1876 2743 1960 publica

444 1980 598 2044 fore.
672 1984 828 2044 tunc
864 1980 1149 2045 solutum
1186 2003 1224 2044 a
1259 1982 1460 2044 latere
1495 1981 1850 2066 pugionem
1890 1982 2139 2044 consuli
2177 1983 2477 2066 primum,
2517 1982 2742 2047 deinde

263 2093 267 2097 ⁴
367 2111 417 2151 15
447 2088 560 2151 illo
598 2092 933 2151 recusante
969 2087 1453 2172 magistratibus
1491 2108 1566 2151 ac
1602 2109 1755 2152 mox
1793 2087 2202 2152 senatoribus
2239 2087 2513 2174 singulis
2542 2089 2744 2173 porri-

445 2216 620 2280 gens,
681 2195 859 2258 nullo
921 2193 1294 2278 recipiente,
1360 2194 1545 2276 quasi
1612 2194 1682 2257 in
1742 2193 1893 2257 aede
1956 2192 2349 2259 Concordiae
2412 2194 2743 2279 positurus

445 2301 772 2365 abscessit.
837 2300 946 2364 sed
978 2301 1360 2384 quibusdam
1392 2299 1902 2364 adclamantibus
1937 2300 2185 2385 ipsum
2225 2323 2390 2366 esse
2423 2300 2744 2366 Concor-

445 2408 668 2493 diam,
724 2406 915 2472 rediit
961 2429 1079 2471 nec
1124 2407 1337 2471 solum
1383 2408 1660 2471 retinere
1710 2429 1775 2471 se
1823 2406 2064 2471 ferrum
2106 2407 2472 2491 affirmauit,
2518 2431 2743 2473 uerum

446 2515 640 2578 etiam
705 2512 1096 2580 Concordiae
1153 2515 1436 2597 recipere
1498 2535 1888 2599 cognomen3
1952 2514 2282 2598 suasitque
2342 2515 2611 2599 senatui,
2673 2508 2852 2579 utlss

366 2644 418 2683 zo
445 2622 693 2706 legatos
742 2643 884 2685 cum
931 2621 1297 2707 uirginibus
1344 2621 1722 2685 Vestalibus
1770 2621 2106 2685 mitterent
2150 2644 2371 2705 pacem
2419 2626 2530 2686 aut
2577 2626 2746 2686 certe

444 2733 698 2813 tempus
745 2728 820 2791 ad
872 2728 1366 2792 consultandum
1413 2729 1754 2812 petituros

624 2834 940 2899 Postridie
986 2856 1295 2919 responsa
1343 2835 1707 2919 opperienti
1754 2835 2127 2899 nuntiatum
2166 2838 2265 2898 est
2303 2855 2419 2919 per
2457 2835 2745 2918 explora-

589 2989 620 3036 8
644 2984 881 3052 Eutrop.
898 2985 1023 3038 VII
1031 2989 1123 3051 18,
1143 2988 1178 3037 4
1205 2983 1501 3036 interfecto
1531 2983 1688 3052 prius
1717 2982 1777 3036 in
1804 2981 1942 3036 urbe
1966 2982 2190 3050 Sabino,
2210 2982 2544 3052 Vespasiani
2570 2983 2747 3052 impe-

445 3063 645 3117 ratoris
673 3063 864 3131 fratre,
902 3080 1070 3132 quem
1099 3080 1226 3117 cum
1255 3062 1532 3132 Capitolio
1562 3063 1832 3117 incendit.
1921 3064 2103 3118 Victor
2133 3065 2282 3119 Caes.
2314 3068 2369 3129 8,
2399 3068 2433 3117 5
2472 3063 2570 3117 sed
2596 3066 2747 3131 post-

448 3162 616 3211 quam
653 3161 783 3197 mox
829 3143 1274 3198 circumuentum
1326 3160 1384 3197 se
1430 3144 1629 3198 nuntio
1676 3145 1833 3197 ratus
1883 3145 1995 3210 est,
2044 3142 2206 3211 quasi
2256 3145 2526 3197 renouato
2563 3142 2749 3196 furore

446 3222 633 3292 ipsum
670 3226 995 3294 ceterosque
1025 3224 1293 3277 aduersae
1330 3223 1510 3292 partis
1549 3241 1677 3278 cum
1707 3221 2005 3293 CapitoliO,
2043 3223 2195 3291 quod
2234 3223 2404 3277 saluti
2440 3222 2752 3276 remedium

447 3306 734 3373 ceperant,
783 3305 1070 3358 cremauit.
1146 3305 1299 3372 Epit.
1328 3309 1380 3371 8,
1410 3308 1444 3357 4
1482 3321 1583 3373 per
1620 3304 1799 3357 scalas
1840 3303 2137 3358 Gemonias
2170 3346 2179 3357 .
2213 3346 2226 3358 .
2258 3346 2297 3369 .,
2333 3303 2433 3357 ubi
2482 3302 2752 3356 Sabinum

448 3380 781 3453 Vespasiani
817 3384 1048 3438 fratrem
1075 3384 1263 3438 necari
1290 3385 1636 3453 permiserat.
1718 3384 1868 3439 Oros,
1906 3384 2035 3438 VII
2051 3389 2104 3450 8,
2134 3389 2168 3437 7
2194 3385 2323 3453 post
2351 3402 2385 3437 a
2413 3382 2752 3453 quibusdam

449 3465 730 3518 animatus
779 3464 1070 3532 Sabinum,
1118 3464 1453 3533 Vespasiani
1508 3464 1766 3530 fratrem,
1811 3463 1956 3517 nihil
2001 3465 2125 3517 tum
2170 3463 2308 3517 mali
2354 3463 2752 3533 suspicantem,

449 3560 576 3597 cum
622 3543 823 3599 ceteris
868 3543 1154 3599 Flauianis
1202 3544 1261 3596 in
1301 3542 1642 3613 Capitolium
1691 3543 1966 3613 compulit
2021 3560 2398 3614 succensoque
2443 3544 2656 3612 templo
2695 3545 2753 3597 et

447 3625 623 3678 mixta
674 3625 842 3679 simul
889 3624 1115 3678 flamma
1164 3624 1440 3693 ruinaque
1501 3641 1693 3678 omnes
1744 3624 1804 3677 in
1856 3641 2032 3679 unum
2082 3624 2296 3694 pariter
2344 3623 2637 3678 interitum
2688 3640 2753 3677 ac

447 3705 728 3759 tumulum
765 3705 938 3759 dedit.
1085 3711 1151 3759 22
1174 3723 1294 3775 sqq.
1337 3707 1518 3760 Victor
1545 3705 1698 3760 Caes.
1730 3707 1785 3770 8,
1816 3710 1851 3758 6
1889 3706 1978 3758 ast
2021 3703 2123 3757 ubi
2168 3722 2302 3758 uera
2352 3720 2474 3760 esse
2517 3720 2582 3757 ac
2626 3721 2754 3773 pro-

448 3786 722 3854 pinquare
758 3786 948 3839 hostes
984 3785 1333 3854 patefactum
1371 3786 1474 3852 est,
1510 3785 1819 3855 productus
1848 3801 1879 3837 e
1917 3784 2162 3853 tugurio,
2202 3802 2311 3854 quo
2350 3800 2410 3839 se
2439 3784 2753 3850 abdiderat,

449 3864 705 3919 ianitoris
740 3865 950 3919 iniecto
986 3866 1188 3934 laqueo
1225 3866 1634 3935 parricidarum
1680 3881 1834 3920 more
1871 3864 1946 3917 ad
1990 3863 2171 3918 scalas
2210 3864 2508 3919 Gemonias
2543 3881 2755 3934 perque

452 3960 545 3999 eas
581 3946 923 4013 pertractum
963 3946 1130 3999 simul
1167 3946 1392 4013 ictibus,
1431 3948 1707 4015 quantum
1743 3944 1983 4014 quisque
2020 3943 2304 4011 ualuerat,
2343 3944 2597 3998 confosso
2638 3961 2754 3998 cor-

453 4038 585 4091 pore
633 4024 694 4077 in
729 4024 980 4079 Tiberim
1026 4025 1280 4079 deicitur.
1355 4028 1510 4096 Epit.
1542 4031 1598 4093 8,
1628 4030 1663 4080 3
1682 4043 1791 4096 sqq.
1832 4040 1863 4079 e
1900 4024 2149 4093 Palatio,
2198 4042 2309 4092 quo
2361 4041 2421 4080 se
2457 4025 2756 4080 abdiderat

450 4101 732 4172 Vitellius,
769 4105 978 4158 uinctis
1016 4123 1049 4159 a
1084 4108 1244 4177 tergo
1283 4106 1544 4160 manibus
1595 4106 1903 4175 productus
1952 4105 2390 4159 circumducitur
2428 4105 2499 4159 ad
2537 4108 2756 4176 specta-

594 4252 626 4300 3
664 4248 751 4301 est
787 4254 913 4301 ante
949 4247 1232 4316 professus
1271 4248 1559 4318 (professis
1601 4249 1678 4302 Μ
1689 4248 1726 4316 ¹)
1766 4248 1895 4302 add.
1941 4248 1992 4303 G-
2212 4246 2649 4302 reclamantibus
2688 4248 2756 4303 Se

451 4328 536 4396 (in
565 4327 664 4381 hoc
689 4343 757 4382 σε.
786 4325 819 4379 l'
855 4327 1320 4397 declamantibus)
1358 4330 1564 4397 aliique
1592 4346 1626 4387 ς
1652 4328 2025 4397 (Beroaldus),
2057 4327 2502 4383 declamantibus
2538 4330 2631 4383 rel.
2664 4330 2754 4398 (Ω)

451 4411 483 4459 ὅ
511 4406 653 4460 uilla
685 4407 738 4461 G
882 4411 914 4460 8
952 4408 1012 4460 ui
1040 4408 1269 4462 subdita
1301 4409 1370 4475 G,
1407 4404 1495 4462 sui
1532 4408 1613 4477 (ui
1642 4407 1699 4474 S,
1737 4407 1799 4460 in
1833 4408 1907 4476 T)
1940 4408 2129 4463 subito
2158 4412 2216 4461 X
2356 4412 2422 4462 10
2461 4409 2755 4477 oppressit.

451 4504 579 4540 cum
616 4528 629 4541 .
670 4529 683 4541 .
716 4530 727 4541 .
757 4488 969 4557 epulas,
1006 4504 1117 4543 non
1156 4489 1325 4560 uulyo
1362 4490 1733 4559 distinyuunt,
1771 4490 1975 4543 rectius
2002 4489 2336 4544 B.-C'ru8ius
2373 4494 2423 4543 et
2454 4489 2688 4558 Madviy

452 4567 506 4638 e]
545 4570 603 4620 et
642 4570 718 4623 M
858 4573 922 4621 13
961 4570 1020 4621 et
1056 4585 1156 4623 om.
1192 4569 1297 4623 Gr
1325 4571 1515 4640 (uuly.)
