3325 5209
1113 372 1330 427 DIVVS
1368 371 1748 427 AVGVSTVS
1787 383 1917 433 [off.
1947 383 2123 433 31-33]
2654 372 2734 435 71

448 536 772 620 ergastula
829 535 1235 619 recognouit,
1310 536 1584 622 collegia
1655 540 1911 620 praeter
1982 536 2249 619 antiqua
2321 539 2387 600 et
2448 533 2740 620 legitima

448 641 763 705 dissoluit.
845 641 1100 707 tabulas
1146 648 1436 707 ueterum
1486 645 1694 707 aerari
1740 642 2132 727 debitorum,
2177 643 2285 707 uel
2328 644 2738 727 praecipuam
2776 658 2808 705 2

448 748 878 812 calumniandi
926 751 1287 834 materiam,
1334 749 1700 835 ex[c]ussit;
1755 750 1897 814 loca
1952 749 2021 812 in
2074 750 2231 813 urbe
2275 749 2536 834 publica
2580 748 2737 813 iuris

447 855 737 941 ambigui
784 857 1265 939 possessoribus
1303 857 1723 942 adiudicauit3
1771 857 2220 921 diuturnorum
2259 877 2515 920 reorum
2559 860 2622 919 et
2661 878 2739 920 ex

395 985 420 1026 5
450 959 724 1045 quorum
786 963 1082 1027 sordibus
1140 963 1309 1027 nihil
1367 963 1544 1028 aliud
1604 986 1797 1047 quam
1858 964 2158 1046 uoluptas
2218 963 2496 1026 inimicis
2551 983 2739 1046 quae-

446 1072 695 1132 reretur
758 1070 1022 1133 nomina
1085 1069 1372 1135 aboleuit
1438 1070 1811 1135 condicione
1871 1071 2229 1154 proposita,
2293 1073 2367 1132 ut
2432 1068 2488 1132 si
2548 1090 2738 1153 quem

449 1175 592 1259 quis
640 1179 926 1259 repetere
973 1176 1195 1261 uellet,
1241 1199 1359 1260 par
1403 1177 1760 1261 periculum
1806 1199 2049 1260 poenae
2096 1174 2358 1240 subiret.
2439 1196 2520 1239 ne
2567 1175 2739 1258 quod

447 1285 661 1345 autem
708 1283 1095 1347 maleficium
1139 1285 1558 1368 negotiumue
1601 1285 1967 1367 inpunitate
2005 1283 2110 1347 uel
2145 1305 2329 1348 mora
2365 1280 2739 1364 elaberetur,

448 1390 716 1474 triginta
761 1389 1038 1473 amplius
1085 1390 1238 1474 dies,
1287 1391 1398 1475 qui
1442 1391 1781 1456 honoraris
1816 1391 1989 1454 ludis
2027 1387 2521 1474 occupabantur,
2566 1388 2738 1452 actui

368 1519 420 1559 ιο
446 1518 658 1559 rerum
706 1496 1232 1561 accommodauit.
1316 1498 1398 1561 ad
1444 1499 1562 1562 tris
1618 1498 1904 1562 iudicum
1959 1498 2246 1561 decurias
2293 1499 2588 1580 quartam
2634 1494 2739 1557 ad·
2778 1508 2811 1556 3

448 1603 612 1666 didit
657 1626 737 1666 ex
790 1603 1095 1667 inferiore
1153 1625 1370 1688 censu,
1429 1627 1592 1689 quae
1647 1604 2133 1669 ducenariorum
2188 1607 2527 1668 uocaretur
2580 1601 2742 1665 iudi-

448 1715 746 1793 caretque
803 1709 880 1773 de
926 1709 1281 1774 leuioribus
1333 1713 1620 1775 summis,
1704 1711 1944 1775 iudices
1999 1733 2037 1775 a
2094 1711 2463 1775 tricensimo
2511 1710 2739 1773 aetatis

447 1839 613 1882 anno
671 1816 938 1902 adlegit,
1003 1815 1070 1879 id
1135 1821 1233 1880 est
1291 1818 1732 1900 quinquennio
1798 1817 2113 1881 maturius
2178 1839 2369 1899 quam
2430 1816 2739 1881 solebant.

447 1945 520 1987 ac
582 1923 907 2008 plerisque
971 1923 1296 1988 iudicandi
1368 1946 1600 1988 munus
1666 1921 2171 1987 detractantibus
2232 1923 2344 1985 uix
2409 1923 2740 2006 concessit,

366 2051 419 2094 15
445 2034 520 2093 ut
566 2029 838 2114 singulis
894 2029 1170 2093 decuriis
1224 2051 1339 2113 per
1392 2031 1567 2093 uices
1625 2051 1838 2094 annua
1896 2030 2145 2093 uacatio
2192 2033 2359 2092 esset
2413 2033 2479 2091 et
2524 2031 2597 2091 ut
2643 2050 2741 2092 so-

445 2138 599 2201 litae
646 2137 751 2222 agi
790 2135 1147 2201 Nouembri
1185 2159 1258 2200 ac
1295 2136 1636 2200 Decembri
1674 2157 1891 2200 mense
1927 2157 2027 2199 res
2067 2137 2532 2200 omitterentur.
2600 2137 2738 2218 ipse
2752 2130 2843 2195 33

446 2245 546 2308 ius
595 2244 762 2307 dixit
817 2244 1070 2307 assidue
1127 2248 1190 2307 et
1241 2244 1308 2306 in
1363 2247 1620 2307 noctem
1666 2264 2178 2326 nonnumquam,
2230 2242 2285 2306 si
2329 2264 2557 2326 parum
2607 2263 2739 2305 cor-

445 2373 601 2434 pore
657 2352 926 2433 ualeret,
981 2350 1209 2415 lectica
1260 2372 1380 2433 pro
1439 2350 1751 2413 tribunali
1807 2350 2119 2415 collocata
2171 2349 2278 2413 uel
2324 2349 2514 2413 etiam
2566 2348 2741 2413 domi

446 2457 704 2522 cubans
788 2457 953 2520 dixit
999 2461 1212 2520 autem
1260 2457 1361 2520 ius
1406 2477 1563 2521 non1
1595 2456 1931 2541 diligentia
1976 2456 2167 2521 modo
2217 2478 2465 2520 summa
2520 2455 2631 2519 sed
2676 2459 2742 2518 et

357 2584 420 2624 '20
447 2564 731 2646 lenitate,
777 2563 1093 2645 siquidem
1131 2562 1457 2627 manifesti
1492 2561 1822 2645 parricidii
1857 2584 2056 2645 reum,
2100 2583 2182 2624 ne
2221 2560 2426 2625 culleo
2464 2561 2740 2626 insuere-

448 2673 572 2751 tur,
629 2669 801 2751 quod
846 2691 978 2733 non
1019 2670 1148 2732 nisi
1195 2669 1470 2734 confessi
1517 2669 1909 2733 adficiuntur
1951 2668 2074 2734 hac
2119 2690 2351 2752 poena,
2397 2668 2490 2731 ita
2534 2667 2741 2732 fertur

448 2776 903 2859 interrogasse:
959 2781 1162 2838 certe
1218 2781 1511 2858 patrem
1560 2780 1771 2839 tuum
1817 2797 1966 2840 non
2011 2775 2418 2840 occidisti?
2483 2780 2547 2839 et
2594 2797 2739 2840 cum
2778 2787 2809 2835 2

448 2882 524 2946 de
568 2881 736 2947 falso
797 2885 1184 2946 testamento
1241 2885 1540 2967 ageretur
1595 2904 1943 2966 omnesque
1998 2882 2355 2967 signatores
2401 2882 2544 2968 lege
2589 2880 2741 2946 Cor-

445 2990 616 3054 nelia
663 2993 1064 3071 tenerentur,
1120 3009 1254 3051 non
1311 2993 1564 3052 tantum
1624 2990 1783 3053 duas
1830 2988 2117 3072 tabellas,
2164 2989 2630 3054 damnatoriam
2676 2994 2741 3054 et

367 3116 419 3157 25
449 3096 929 3178 absolutoriam,
978 3095 1171 3159 simul
1208 3095 1747 3180 cognoscentibus
1787 3095 1978 3179 dedit,
2025 3096 2137 3160 sed
2172 3097 2428 3160 tertiam
2468 3119 2741 3181 quoque,

448 3227 573 3289 qua
628 3204 1070 3288 ignosceretur
1124 3202 1232 3286 iis,
1293 3224 1454 3285 quos
1509 3202 1735 3266 fraude
1791 3203 1872 3267 ad
1924 3202 2307 3289 signandum
2364 3203 2470 3267 uel
2528 3225 2741 3268 errore

445 3312 742 3376 inductos
790 3309 1203 3375 constitisset.
1287 3309 1753 3393 appellationes
1792 3311 2136 3393 quotannis
2172 3310 2564 3374 urbanorum
2605 3310 2741 3393 qui—
2779 3320 2810 3367 3

588 3626 620 3672 2
660 3620 875 3691 aerario
901 3619 980 3685 G,
1008 3617 1074 3669 -ii
1099 3621 1162 3683 Τ,
1193 3635 1292 3672 om.
1315 3621 1373 3669 X
1500 3617 1747 3691 uel<ut>
1768 3619 2052 3673 &Becker
2177 3626 2208 3673 3
2239 3619 2452 3673 exussit
2480 3619 2739 3674 Beroald.

447 3701 666 3769 (ἔκαυσε
704 3700 820 3753 Dio
849 3703 938 3764 53,
958 3701 1016 3767 2)
1164 3703 1195 3750 5
1233 3696 1450 3750 inimici
1481 3699 1535 3752 V
1663 3705 1694 3751 6
1735 3699 1984 3752 conditio
2016 3701 2070 3754 V
2197 3706 2228 3752 8
2266 3716 2420 3753 more
2455 3698 2742 3752 laberetur

448 3782 522 3834 M
530 3780 773 3845 VL¹PS‚
812 3794 968 3831 mora
995 3778 1118 3831 lab·
1136 3776 1276 3832 L²T
1416 3783 1446 3830 9
1484 3777 1774 3831 honoratis
1807 3782 1870 3845 Y,
1907 3778 2031 3832 -riis
2054 3780 2273 3833 M²GX
2414 3784 2480 3832 10
2519 3779 2743 3832 addidit

444 3860 777 3928 Stephanus,
816 3857 1038 3911 addixit
1075 3860 1127 3910 ,Ω
1275 3863 1337 3911 11
1381 3858 1471 3929 ex]
1511 3860 1569 3911 et
1599 3859 1653 3912 V
1790 3865 1853 3912 12
1896 3859 1952 3931 a]
1993 3876 2059 3913 ac
2089 3861 2166 3914 M
2301 3859 2622 3913 tricensimo
2655 3861 2741 3927 M,

444 3940 727 3993 tricesimo
776 3939 934 4008 (trig-
976 3939 1027 3992 G
1046 3938 1109 4008 Q)
1154 3938 1249 3992 rel.
1264 3978 1277 4003 ‚
1333 3937 1603 3992 uicesimo
1646 3939 1908 3994 Guiacius
1955 3941 2169 4010 (Roth),
2224 3959 2346 3993 xxv.
2387 3940 2743 4010 Shnckbnrqh

449 4025 514 4073 13
553 4020 613 4072 id
651 4021 736 4073 est
756 4052 823 4059 —
844 4018 1104 4072 solebant
1129 4020 1392 4089 ylossema
1419 4025 1588 4087 putat
1619 4019 1759 4073 Oud.
1908 4026 1973 4072 14
2004 4023 2065 4074 at
2092 4037 2125 4080 ς
2164 4022 2325 4090 (pars
2350 4021 2469 4074 edd.
2499 4027 2551 4075 et
2574 4020 2739 4073 Han-

446 4101 593 4168 dius)
738 4097 1183 4152 detrectantibus
1226 4099 1402 4152 GX'I'
1445 4099 1693 4166 (detraec-
1731 4101 1805 4169 L)
1980 4106 2044 4153 15
2091 4102 2315 4154 uocatio
2358 4104 2406 4153 Τ
2442 4103 2597 4170 (corr.
2636 4099 2740 4171 11²)

448 4187 513 4234 18
561 4180 782 4234 uideret
827 4178 1031 4232 lectica
1070 4179 1123 4231 V
1339 4183 1407 4232 20
1452 4178 1740 4233 manifesti
1781 4178 1937 4247 GY‘,
1974 4182 2089 4234 —sta
2128 4184 2216 4247 M,
2252 4182 2368 4234 -stsi
2408 4180 2586 4246 VLP,
2623 4182 2740 4233 -sto

445 4261 677 4329 Bentley
857 4265 922 4313 21
971 4258 1113 4313 haec
1160 4260 1212 4327 (e
1250 4275 1369 4326 exp.
1407 4277 1474 4312 m.
1504 4261 1563 4328 2)
1607 4275 1791 4327 paena
1829 4262 1944 4326 M„
1990 4277 2091 4315 om.
2128 4263 2179 4314 T
2217 4263 2317 4330 qui
2360 4267 2486 4314 ante
2517 4263 2743 4329 praebet

444 4357 555 4409 quo
579 4384 589 4395 .
615 4384 625 4395 .
650 4384 661 4394 .
685 4339 1007 4393 adiciuntur
1152 4344 1218 4391 22
1247 4338 1639 4407 interpellasse
1666 4340 1900 4410 Bentley
2045 4347 2111 4393 23
2142 4342 2211 4394 de
2240 4358 2341 4395 om.
2377 4341 2429 4395 G
2554 4341 2743 4410 signa·-

445 4423 594 4475 tores
631 4420 945 4475 Beroaldus
982 4421 1084 4488 (ς),
1148 4421 1434 4472 senatores
1472 4422 1524 4472 ,Ω
1554 4422 1900 4488 (segnatores
1939 4422 2171 4487 affertur
2206 4439 2273 4476 ex
2317 4420 2431 4475 eod.
2471 4421 2739 4490 Harlem.)

445 4507 513 4554 24
550 4501 777 4555 tabulas
818 4497 962 4554 MX‘
