3325 5209
579 387 720 451 240
1292 384 1347 439 C.
1384 384 1700 451 svmoru
1738 384 2183 450 'PR-ANQVILLI

585 550 780 613 etiam
838 547 1022 627 Ostia
1079 553 1263 610 tenus
1320 549 1576 611 moenia
1620 569 1999 631 promouere
2056 553 2248 631 atque
2294 550 2441 613 inde
2488 550 2664 615 fossa
2710 572 2886 612 mare

586 656 787 719 ueteri
835 655 981 718 urbi
1030 656 1345 718 inducere.
2582 722 2587 725 ¹

484 781 544 827 ·2
764 761 973 826 Multa
1038 762 1157 825 sub
1235 782 1308 824 eo
1376 765 1441 824 et
1504 761 1951 826 animaduersa
2018 783 2234 826 seuere
2299 765 2364 823 et
2428 761 2705 825 coercita
2768 784 2887 826 nec

584 868 797 931 minus
853 868 1180 931 instituta:
1238 866 1567 946 adhibitus
1625 868 1991 951 sumptibus
2039 869 2297 952 modus3
2330 867 2650 951 *publicae
2697 890 2888 932 cenae

584 975 664 1038 ad
711 974 1035 1058 sportulas
1092 974 1411 1058 redactae3
1470 974 1884 1038 interdictum
1937 996 2018 1039 ne
2077 975 2233 1058 quid
2289 976 2358 1038 in
2413 975 2674 1058 popinis
2721 976 2888 1039 cocti
2927 1039 2930 1042 ,

483 1106 489 1114 ·
582 1086 837 1165 praeter
881 1081 1210 1167 legumina
1256 1083 1368 1143 aut
1414 1081 1637 1144 holera
1685 1081 1966 1164 ueniret,
2022 1103 2171 1145 cum
2217 1086 2404 1145 antea
2458 1082 2710 1149 nullum
2757 1104 2890 1145 non

587 1188 839 1252 obsonii
890 1209 1091 1273 genus
1138 1191 1628 1271 proponeretur3
1688 1188 1916 1252 afflicti
1965 1188 2303 1272 suppliciis
2355 1187 2735 1271 Christiani,
2782 1211 2890 1274 ge·

591 1316 712 1358 nus
759 1296 1097 1358 hominum
1137 1293 1867 1377 superstitionisnouae·
1901 1317 1975 1358 ac
2012 1295 2363 1378 maleficae3
2386 1362 2389 1363 γ
2410 1294 2600 1358 uetiti
2625 1295 2890 1378 ,quadri-

593 1402 920 1486 gariorum
966 1400 1173 1480 lusus,
1222 1400 1456 1483 quibus
1505 1402 1860 1465 inueterata
1906 1402 2169 1466 licentia
2214 1402 2454 1484 passim
2501 1402 2889 1486 uagantibus

591 1507 812 1571 fallere
869 1529 942 1570 ac
998 1507 1198 1571 furari
1253 1529 1368 1590 per
1425 1507 1639 1571 iocum
1696 1507 1796 1571 ius
1853 1512 2015 1591 erat3
2071 1510 2619 1592 pantomimorum
2666 1508 2890 1573 factio-

484 1614 697 1679 17nes
755 1636 901 1677 cum
961 1613 1119 1697 ipsis
1178 1613 1372 1677 simul
1431 1613 1782 1699 relegatae3
1843 1615 2149 1678 aduersus
2209 1614 2506 1679 falsarios
2565 1619 2717 1678 tunc
2763 1617 2890 1699 prie

592 1711 768 1783 mum
814 1725 1163 1804 repertum,
1212 1742 1291 1783 ne
1337 1721 1594 1784 tabulae
1640 1721 1767 1785 nisi
1815 1726 2111 1804 pertusae
2159 1743 2230 1785 ac
2267 1726 2366 1785 ter
2401 1722 2535 1785 lino
2575 1744 2689 1805 per
2724 1723 2890 1786 fora-

588 1828 763 1890 mina
822 1828 1094 1890 traiecto
1158 1827 1679 1913 obsignarentur3
1747 1832 2006 1892 cautum
2067 1832 2142 1891 ut
2197 1828 2599 1895 testamentis
2645 1830 2892 1912 primae

591 1934 749 1997 duae
798 1955 978 1997 cerae
1025 1937 1406 1998 testatorum
1463 1934 1654 1998 modo
1714 1937 1973 1999 nomine
2033 1935 2348 2019 inscripto
2396 1946 2634 2003 uacuae
2682 1936 2891 2021 signa-

590 2040 753 2104 turis
804 2041 1291 2104 ostenderentur
1338 2063 1411 2105 ac
1456 2063 1537 2104 ne
1586 2041 1698 2124 qui
1747 2041 1939 2115 alieni
1985 2043 2357 2105 testamenti
2397 2044 2677 2126 scriptor
2721 2043 2889 2127 lega—

587 2153 728 2211 tum
783 2148 908 2212 sibi
967 2148 1338 2232 ascriberet3
1397 2148 1553 2211 item
1611 2151 1685 2211 ut
1739 2148 2100 2233 litigatores
2156 2171 2275 2233 pro
2333 2148 2714 2232 patrociniis
2765 2171 2891 2212 cer·

587 2258 720 2317 tam
760 2254 1125 2337 iustamque
1164 2255 1538 2335 mercedem,
1584 2272 1701 2336 pro
1741 2254 2041 2318 subsellis
2079 2254 2325 2325 nullam
2367 2256 2630 2319 omnino
2669 2256 2893 2321 darent

588 2362 932 2444 praebente
982 2361 1227 2424 aerario
1285 2361 1596 2445 gratuita3
1643 2365 1844 2443 utque
1891 2383 2102 2425 rerum
2152 2365 2298 2425 actu
2347 2362 2426 2426 ab
2470 2362 2711 2425 aerario
2752 2383 2894 2427 cau-

590 2490 696 2531 sae
744 2467 823 2530 ad
869 2468 1086 2531 forum
1133 2489 1207 2530 ac
1253 2467 1711 2551 reciperatores
1756 2468 2260 2532 transferrentur
2296 2473 2371 2531 'et
2407 2473 2499 2532 ut'
2519 2490 2739 2533 omnes
2786 2491 2893 2551 ap-

589 2575 973 2657 pellationes
1022 2598 1058 2637 a
1105 2574 1427 2637 iudicibus
1476 2574 1553 2650 ad
1604 2578 1897 2637 senatum
1945 2575 2186 2638 fierent.
2806 2638 2809 2641 Α

485 2679 584 2744 18
768 2678 1067 2765 Augendi
1114 2682 1641 2766 propagandique
1688 2682 1944 2764 imperii
1982 2704 2189 2763 neque
2227 2683 2563 2751 uoluntate
2608 2681 2739 2747 ulla
2784 2704 2891 2747 ne*

592 2809 714 2869 que
762 2807 875 2870 spe
932 2791 1146 2851 motus
1204 2810 1536 2870 umquam,
1592 2788 1789 2850 etiam
1847 2810 1925 2861 ex
1971 2788 2309 2854 Britannia
2357 2789 2664 2860 deducere
2716 2809 2892 2851 exer-

592 2895 790 2957 citum
849 2894 1188 2978 cogitauit,
1245 2915 1363 2957 nec
1417 2894 1542 2956 nisi
1600 2895 2010 2977 uerecundia,
2065 2917 2145 2959 ne
2205 2895 2561 2961 obtrectare
2607 2894 2893 2978 parentis

592 3002 836 3085 gloriae
890 3002 1248 3083 uideretur,
1304 3001 1570 3065 destitit.
1662 3000 1858 3066 Ponti
1900 3002 2106 3066 'modo
2173 3012 2459 3088 regnum
2510 3001 2894 3071 concedente

738 3261 765 3308 7
812 3257 959 3310 Oros.
1005 3257 1126 3309 VII
1149 3260 1198 3320 7,
1223 3261 1292 3309 10
1338 3255 1551 3324 primus
1599 3256 1811 3310 Romae
1861 3255 2208 3309 Christianos
2256 3257 2553 3325 suppliciis
2600 3259 2658 3311 et
2702 3256 2897 3309 morti-

590 3337 696 3388 bus
726 3334 930 3389 affecit.
971 3336 1041 3401 cf.
1069 3337 1291 3389 Tertull.
1323 3352 1495 3403 scorp.
1520 3340 1590 3389 15
1619 3337 1771 3389 uitas
1802 3336 2102 3390 Caesarum
2131 3335 2395 3406 legimus:
2428 3337 2699 3390 orientem
2728 3337 2897 3389 fidem

597 3416 809 3469 Romae
847 3415 1062 3484 primus
1090 3414 1238 3467 Nero
1278 3417 1611 3469 cruentauit.
1760 3422 1824 3469 21
1867 3418 1933 3483 cf.
1966 3418 2202 3485 Eutrop.
2237 3418 2358 3470 VII
2382 3422 2466 3482 14,
2488 3422 2521 3469 4
2559 3417 2619 3469 in
2655 3434 2715 3470 re
2750 3416 2898 3469 mili-

593 3495 705 3549 tari
765 3494 908 3547 nihil
965 3496 1190 3549 omnino
1253 3512 1420 3549 ausus
1482 3496 1837 3550 Britanniam
1887 3513 2067 3566 paene
2126 3496 2317 3550 amisit
2373 3498 2463 3564 (cf.
2504 3498 2636 3551 Ner.
2669 3502 2757 3551 39.
2789 3500 2895 3565 40).

597 3582 664 3627 ⁶24
694 3577 928 3643 Eutrop.
964 3578 1086 3630 VII
1109 3581 1191 3642 14,
1215 3583 1246 3629 ὁ
1288 3576 1432 3629 duae
1470 3578 1658 3629 tamen
1699 3577 1802 3630 sub
1833 3594 1897 3631 eo
1936 3578 2259 3646 prouinciae
2287 3576 2473 3631 factae
2503 3579 2650 3642 sunt,
2688 3578 2900 3630 Pontus

594 3655 1020 3709 Polemoniacus
1069 3657 1408 3709 concedente
1441 3672 1584 3725 ‘rege
1623 3657 1924 3710 Polemone
1971 3658 2029 3710 et
2075 3657 2246 3725 Alpes
2286 3656 2506 3711 Cottiae
2547 3657 2730 3711 Cottio
2767 3673 2900 3726 rege

597 3735 891 3807 defuncto.¹
942 3737 1121 3789 Victor
1153 3736 1298 3789 Caes,
1332 3742 1390 3803 5,
1416 3741 1455 3790 2
1502 3738 1741 3789 Pontum
1789 3737 1848 3788 in
1904 3737 1991 3790 ius
2039 3737 2364 3805 prouinciae
2410 3737 2726 3790 Polemonis
2773 3754 2897 3804 per-

596 3815 771 3867 missu
818 3815 1065 3884 redegit,
1115 3816 1271 3868 cuius
1319 3816 1504 3885 gratia
1550 3815 1975 3871 Polemoniacus
2024 3816 2235 3870 Pontus
2275 3816 2612 3887 appellatur,
2650 3818 2898 3884 itemque

597 3894 812 3949 Cottias
835 3895 1008 3964 Alpes
1031 3894 1213 3948 Cottio
1239 3911 1374 3964 rege
1401 3905 1620 3949 mortuo
1652 3897 1802 3963 (inde
1822 3898 1977 3965 Epit.
2003 3902 2051 3964 5,
2074 3901 2144 3966 4).
2185 3900 2252 3965 cf.
2287 3900 2494 3967 Vopisc.
2519 3899 2706 3951 Aurel.
2728 3902 2898 3963 21,11

596 3977 699 4029 sub
739 3992 849 4045 quo
884 3977 1147 4045 (Nerone)
1195 3976 1406 4028 Pontus
1453 3975 1880 4029 Polemoniacus
1929 3980 1988 4030 et
2024 3977 2195 4047 Alpes
2245 3977 2463 4031 Cottiae
2511 3978 2765 4030 Romano
2802 3994 2899 4030 no-

599 4056 736 4110 mini
778 4059 908 4109 sunt
945 4055 1211 4109 tributae.
2659 4071 2662 4077 ’

743 4277 768 4322 1
811 4270 1014 4323 ostiam
1054 4268 1321 4324 MGIPR
1478 4276 1508 4322 6
1549 4270 1806 4323 uenirent
1845 4272 2026 4325 MLP
2167 4277 2195 4323 7
2238 4270 2427 4333 affecti
2465 4242 2775 4339 Stephanus
2811 4273 2899 4339 (cf.

600 4350 772 4418 Oros.)
932 4356 995 4401 11
1038 4349 1204 4401 simul
1242 4366 1341 4404 om.
1377 4350 1428 4403 G
1592 4355 1655 4403 13
1695 4350 1782 4420 ut]
1821 4352 1886 4402 ut
1922 4350 1981 4402 in
2027 4354 2074 4403 Τ
2110 4354 2300 4422 (uuly.)
2478 4357 2542 4405 15
2582 4351 2708 4417 quis
2747 4353 2898 4422 moly,

596 4430 866 4497 (primum
905 4430 1009 4499 leyi
1045 4432 1107 4481 in
1144 4430 1223 4482 ed.
1262 4446 1427 4484 anon.
1469 4429 1770 4500 [a.1472.9]
1811 4436 1861 4482 et
1897 4431 1975 4483 ed.
2018 4450 2068 4485 a.
2100 4436 2267 4499 1480)
2450 4435 2515 4485 18
2558 4447 2761 4485 causae
2799 4432 2900 4485 del.

601 4510 838 4577 Madviy
992 4514 1058 4560 23
1097 4510 1193 4579 ne]
1230 4526 1335 4562 nec
1366 4512 1441 4563 M
1579 4515 1648 4562 24
1687 4508 1924 4579 gloriam
1956 4515 2013 4563 X
2040 4586 2045 4589 -

2923 1531 2975 1569 lo

2924 2063 2973 2103 15
