3325 5209
1099 1621 1181 1706 C.
1249 1619 1688 1707 SVETONI
1755 1622 2393 1732 TRANQVILLI

922 1791 1136 1888 DE
1211 1793 1603 1890 VITA
1687 1793 1974 1892 CAE
2022 1792 2576 1905 SARVM

1574 2002 1793 2055 LIBER
1828 2002 1931 2055 1111

1373 2147 1460 2230 C.
1513 2147 2128 2230 CALIGVLA

531 2357 569 2423 1
782 2355 1227 2441 Germanicus,
1283 2358 1349 2423 C.
1390 2358 1677 2424 Caesaris
1733 2365 1944 2444 pater,
2000 2359 2198 2424 Drusi
2255 2363 2320 2425 et
2373 2358 2640 2422 minoris
2696 2356 2898 2421 Anto-

599 2463 744 2527 niae
790 2464 982 2549 filius,
1031 2487 1067 2527 a
1105 2464 1363 2529 Tiberio
1411 2470 1641 2549 patruo
1689 2466 2050 2550 adoptatus,
2101 2469 2509 2549 quaesturam
2548 2463 2901 2548 quinquen-

600 2569 710 2634 nio
760 2574 906 2636 ante
955 2593 1148 2653 quam
1193 2594 1309 2657 per
1353 2573 1525 2657 leges
1574 2573 1798 2637 liceret
1843 2577 1908 2636 et
1954 2575 2105 2656 post
2147 2595 2286 2636 eam
2326 2570 2731 2636 consulatum
2780 2574 2901 2635 sta-

602 2677 719 2740 tim
777 2679 1003 2761 gessit,
1060 2679 1416 2762 missusque
1472 2680 1555 2742 ad
1611 2680 1961 2744 exercitum
2020 2680 2086 2742 in
2142 2676 2577 2761 Germaniam,
2639 2699 2902 2742 excessu

602 2781 885 2868 Augusti
941 2784 1266 2868 nuntiato,
1329 2785 1615 2871 legiones
1672 2786 2004 2850 uniuersas
2066 2787 2513 2873 imperatorem
2573 2784 2901 2849 Tiberium
2957 2803 2986 2844 5

602 2889 1110 2973 pertinacissime
1155 2893 1506 2956 recusantis
1554 2897 1619 2956 et
1666 2893 1787 2956 sibi
1836 2916 2151 2958 summam
2189 2892 2282 2956 rei
2330 2915 2389 2976 p.
2431 2892 2771 2956 deferentis
2809 2893 2901 2955 in-

602 3001 845 3062 certum
892 2999 1132 3080 pietate
1189 3015 1270 3062 an
1324 3001 1685 3063 constantia
1730 3000 1969 3064 maiore
2027 3000 2424 3084 compescuit
2479 3004 2669 3081 atque
2715 2998 2901 3062 hoste

530 3122 562 3170 2
604 3127 755 3184 mox
815 3104 1072 3170 deuicto
1128 3105 1570 3189 triumphauit.
1666 3106 1888 3171 consul
1946 3106 2172 3170 deinde
2229 3105 2465 3168 iterum
2522 3108 2770 3168 creatus
2828 3127 2902 3171 ac

600 3211 780 3295 prius
828 3234 1020 3294 quam
1068 3213 1378 3277 honorem
1424 3213 1616 3278 iniret
1662 3213 1743 3276 ad
1783 3212 2296 3295 componendum
2334 3210 2615 3275 Orientis
2663 3215 2902 3275 statum

601 3318 908 3400 expulsus
918 3370 936 3402 ,
963 3320 979 3342 ²
1003 3341 1149 3384 cum
1195 3318 1535 3384 Armeniae
1589 3341 1806 3403 regem
1864 3319 2231 3402 deuicisset‚
2297 3315 2768 3402 Cappadociam
2834 3319 2898 3381 in
2932 3338 2989 3376 ιο

600 3425 974 3536 prouinciae
1028 3426 1299 3490 formam
1355 3412 1734 3512 redegisset,
1791 3448 2028 3489 annum
2078 3446 2275 3510 agens
2322 3425 2552 3500 aetatis
2600 3429 2899 3508 quartum

602 3535 667 3594 et
730 3533 1165 3596 tricensimum
1232 3532 1534 3596 diuturno
1607 3533 1831 3597 morbo
1898 3531 2285 3596 Antiochiae
2354 3532 2518 3596 obiit
2571 3554 2702 3596 non
2765 3533 2900 3596 sine

600 3639 833 3701 ueneni
899 3639 1278 3722 suspicione.
1360 3661 1509 3703 nam
1585 3644 1837 3722 praeter
1903 3640 2173 3721 lium-es,
2250 3639 2361 3722 qui
2426 3641 2565 3702 toto
2634 3659 2900 3722 corpore

601 3749 800 3828 erant,
848 3749 911 3807 et
965 3766 1252 3828 spumas,
1308 3768 1469 3829 quae
1515 3769 1630 3829 per
1681 3767 1751 3810 os
1799 3745 2112 3831 fluebant,
2173 3745 2435 3816 cremati
2486 3766 2744 3828 quoque
2790 3766 2901 3809 cor

602 3850 772 3913 inter
830 3873 973 3915 ossa
1029 3851 1471 3936 incorruptum
1519 3857 1843 3936 repertum
1894 3856 2015 3916 est:
2065 3842 2246 3916 cuius
2285 3857 2366 3917 'ea
2411 3856 2641 3915 natura
2684 3851 2986 3915 existi-1⁵

747 4045 814 4110 cf.
849 4045 1074 4112 Lampr.
1110 4045 1470 4113 Comm.10‚2
1509 4045 1606 4113 qui
1634 4044 1953 4113 Tranquilli
1990 4044 2201 4099 librum
2230 4044 2412 4098 uitam
2442 4043 2734 4113 Caligulae
2772 4061 2899 4098 con-

602 4125 878 4178 tinentem
916 4123 1147 4191 legerat.
1297 4131 1324 4177 1
1366 4126 1587 4193 Eutrop
1636 4126 1756 4179 VII
1788 4129 1876 4192 12,
1899 4131 1929 4178 1

751 4305 777 4351 1
820 4300 874 4353 C.
916 4301 1034 4369 (gai
1061 4302 1140 4367 H,
1178 4301 1298 4371 gaii
1326 4302 1454 4371 PR)
1483 4320 1583 4357 om.
1610 4304 1660 4356 G
1808 4307 1874 4355 10
1914 4303 2202 4375 expulsus]
2244 4321 2311 4357 ex
2349 4321 2390 4357 s.
2422 4321 2467 4356 c.
2498 4303 2700 4356 missus
2732 4304 2904 4357 Bent-

605 4381 690 4449 ley
835 4380 1130 4434 deiecisset
1166 4384 1255 4436 uel
1291 4381 1540 4436 dedisset
1569 4385 1801 4451 Lipsius
1837 4384 1954 4451 (hoc
1983 4385 2279 4452 probatum
2308 4384 2621 4453 plerisque),
2660 4383 2900 4452 delegis-

604 4462 690 4512 set
724 4461 998 4515 O.Clason
1139 4467 1204 4514 14
1244 4464 1425 4534 erant]
1458 4462 1765 4516 extiterant
1796 4464 2083 4529 Graeviua
2122 4464 2399 4533 parebant
2429 4464 2713 4530 Heinsius,
2754 4478 2904 4518 com-

599 4542 908 4609 paruerant
939 4541 1076 4594 Oud.
