3325 5209
568 429 700 493 204
1273 429 1330 483 C.
1371 429 1687 483 SVETONI
1722 428 2172 493 TRANQVILLI

569 593 818 656 minum
848 614 1039 675 super
1069 596 1353 656 ueterem
1376 593 1689 678 segnitiae
1719 596 1940 657 notam
1961 591 2292 656 ebrietatis
2323 612 2583 675 quoque
2612 595 2678 655 et
2706 591 2878 655 aleae

571 699 903 762 infamiam
953 698 1179 781 subiit,
1236 720 1383 764 cum
1440 698 1730 782 interim,
1788 720 2156 782 quanquam
2211 698 2336 762 hoc
2389 699 2584 763 modo
2638 699 2878 785 agenti,

589 825 939 888 numquam
977 808 1089 867 aut
1128 805 1413 869 officium
1443 805 1783 869 hominum
1821 809 1932 869 aut
1969 806 2328 869 reuerentia
2364 804 2620 888 publice
2660 803 2879 868 defuit.

501 913 545 976 6
757 911 1076 995 Equester
1114 913 1271 976 ordo
1309 911 1411 975 bis
1449 914 1796 997 patronum
1827 934 1971 977 eum
2008 910 2423 996 perferendae
2459 932 2577 994 pro
2616 932 2683 973 se
2711 911 2880 995 lega-

575 1018 772 1082 tionis
810 1017 1025 1104 elegit‚
1065 1020 1262 1082 semel
1300 1040 1444 1082 cum
1493 1018 1963 1102 deportandum
2000 1017 2277 1082 Romam
2324 1039 2555 1101 corpus
2592 1015 2877 1102 Augusti
2933 1042 2959 1082 e

576 1124 918 1209 [h]umeris
948 1125 1081 1189 suis
1119 1125 1200 1189 ab
1230 1124 1603 1189 consulibus
1632 1124 2130 1210 exposcere[n]t‚
2168 1124 2403 1188 iterum
2447 1145 2591 1188 cum
2622 1145 2880 1207 oppres-

579 1254 722 1295 sum
754 1229 1056 1295 Seianum
1088 1232 1261 1316 apud
1289 1232 1543 1296 eosdem
1577 1232 2040 1318 gratularetur3
2081 1232 2237 1315 quin
2266 1235 2330 1295 et
2360 1230 2747 1315 spectaculis
2778 1230 2882 1293 ad-

509 1356 540 1402 2
581 1337 867 1403 uenienti
916 1360 1247 1423 assurgere
1295 1341 1359 1401 et
1397 1338 1684 1402 lacernas
1723 1340 2040 1423 deponere
2080 1338 2346 1402 solebat.
2433 1340 2692 1402 senatus
2731 1358 2882 1420 quo-

583 1466 734 1528 que,
788 1449 863 1508 ut
908 1446 989 1509 ad
1035 1466 1374 1508 numerum
1432 1445 1747 1510 sodalium
1796 1444 2256 1532 Augustalium
2318 1448 2487 1508 sorte
2546 1444 2884 1507 ductorum

580 1554 764 1615 extra
811 1551 1098 1615 ordinem
1147 1550 1520 1630 adiceretur,
1568 1554 1818 1616 censuit
1864 1556 1926 1616 et
1973 1574 2125 1616 mox
2171 1555 2244 1614 ut
2292 1552 2520 1616 domus
2568 1550 2645 1633 ei,
2692 1572 2883 1633 quam
2915 1575 2965 1613 ιο

582 1657 879 1722 incendio
929 1658 1244 1743 amiserat,
1290 1658 1552 1742 publica
1601 1660 1893 1742 impensa
1941 1659 2403 1744 restitueretur,
2456 1657 2883 1740 dicendaeque

589 1765 759 1829 inter
804 1768 1169 1829 consulares
1208 1766 1562 1831 sententiae
1598 1767 1699 1830 ius
1737 1770 1917 1830 esset.
1995 1766 2168 1849 quod
2204 1767 2532 1829 decretum
2571 1763 2884 1827 abolitum

590 1876 705 1956 est,
751 1876 1093 1936 excusante
1140 1871 1400 1936 Tiberio
1447 1873 1958 1937 imbecillitatem
2008 1874 2143 1936 eius
2191 1895 2263 1936 ac
2310 1873 2614 1936 damnum
2659 1870 2885 1934 libera·
2925 1849 2937 1862 ⁰

587 1977 773 2042 litate
807 2000 921 2043 sua
941 2001 1335 2043 resarsurum
1359 1979 1719 2062 pollicente.
1806 1980 1915 2063 qui
1949 1983 2166 2043 tamen
2192 1980 2473 2043 moriens
2494 1982 2559 2041 et
2581 1978 2650 2042 in
2677 1976 2885 2041 tertiis

590 2084 933 2149 heredibus
976 2107 1122 2149 eum
1152 2109 1230 2150 ex
1263 2090 1446 2169 parte
1483 2087 1677 2149 tertia
1717 2091 2185 2170 nuncupatum,
2225 2087 2441 2172 legato
2484 2086 2679 2149 etiam
2721 2084 2889 2148 circa
2920 2106 2967 2146 ιε

587 2193 954 2256 sestertium
982 2192 1180 2256 uicies
1204 2196 1585 2276 prosecutus
1614 2181 2089 2258 commendauit
2119 2194 2382 2277 insuper
2400 2190 2787 2256 exercitibus
2815 2211 2888 2253 ae

586 2298 836 2362 senatui
882 2299 1253 2383 populoque
1301 2298 1375 2363 R.
1415 2300 1584 2363 inter
1638 2305 1880 2364 ceteras
1936 2300 2438 2365 necessitudines
2484 2297 2885 2364 nominatim-

523 2403 558 2467 7
774 2403 908 2469 Sub
957 2405 1114 2470 Gaio
1173 2406 1428 2470 demum
1482 2407 1701 2470 fratris
1757 2408 1894 2471 filio
1953 2408 2294 2471 secundam
2347 2405 2887 2469 existimationem

592 2511 763 2575 circa
825 2512 1011 2575 initia
1075 2513 1328 2596 imperii
1407 2513 1710 2578 omnibus
1784 2514 2122 2578 lenociniis
2195 2514 2539 2598 colligente
2611 2512 2889 2576 honores

593 2617 959 2701 auspicatus
1017 2620 1420 2682 consulatum
1475 2622 1678 2706 gessit
1732 2644 1861 2684 una
1916 2643 2030 2704 per
2092 2621 2251 2684 duos
2308 2642 2585 2702 menseS‚
2651 2619 2890 2683 euenit-
2920 2641 2973 2681 20

596 2746 718 2808 que
766 2728 839 2787 ut
885 2725 1187 2808 primitus
1227 2727 1612 2813 ingredienti
1652 2749 1798 2790 cum
1836 2727 2118 2791 fascibus
2156 2727 2369 2792 forum
2409 2726 2890 2810 praeteruolans

595 2831 813 2914 aquila
860 2833 1216 2898 dexteriore
1262 2855 1485 2898 umero
1533 2833 1908 2898 consideret.
1995 2836 2261 2898 sortitus
2309 2839 2406 2897 est
2451 2838 2517 2898 et
2564 2835 2640 2898 de
2686 2833 2889 2897 altero

596 2939 934 3002 consulatu
1006 2940 1074 3003 in
1150 2945 1448 3025 quartum
1523 2964 1794 3026 annum3
1876 2941 2324 3025 praeseditque
2406 2961 2892 3024 nonnumquam

597 3048 976 3130 spectaculis
1023 3048 1091 3111 in
1141 3047 1260 3114 Gai
1306 3049 1533 3132 uicem,
1581 3049 1980 3113 adclamante
2028 3049 2298 3131 populo:
2354 3048 2705 3112 feliciter
2751 3067 2891 3129 par-

527 3149 719 3215 Stim
776 3157 1052 3237 patruo
1109 3156 1606 3238 imperatoris
1674 3155 1911 3238 partim
1969 3153 2403 3219 Germanici
2458 3154 2710 3219 fratri!
2776 3175 2893 3217 nec
2923 3175 2973 3215 25

597 3280 672 3323 eo
719 3260 934 3324 minus
981 3259 1388 3324 contumeliis
1439 3261 1758 3324 obnoxius
1807 3260 1989 3325 uixit.
2074 3283 2222 3325 nam
2262 3265 2327 3324 et
2365 3260 2420 3324 si
2457 3261 2651 3344 paulo
2692 3261 2892 3325 serius

598 3367 677 3429 ad
714 3367 1105 3449 praedictam
1144 3389 1333 3432 cenae
1370 3366 1597 3431 horam
1646 3368 2043 3452 occurrisset,
2090 3389 2222 3432 non
2258 3367 2384 3431 nisi
2431 3389 2620 3452 aegre
2668 3371 2732 3431 et
2778 3367 2894 3429 cir·

598 3472 773 3535 cuito
832 3474 1087 3537 demum
1145 3474 1426 3538 triclinio
1483 3474 1940 3557 recipiebatur,
1997 3479 2061 3538 et
2117 3476 2416 3556 quotiens
2473 3478 2622 3557 post
2677 3474 2895 3538 cibum

601 3580 1122 3663 addormisceret‚
1178 3581 1352 3664 quod
1408 3582 1467 3644 ei
1513 3580 1645 3644 fere
1694 3582 2049 3665 accidebat,
2099 3582 2382 3644 olearum
2431 3583 2542 3644 aut
2587 3579 2895 3663 palmula-

745 3762 774 3808 2
815 3774 849 3808 a
885 3754 1021 3808 Cum
1067 3755 1296 3808 interim
1341 3757 1508 3826 uulyo
1554 3757 1720 3824 incip.
1771 3773 1975 3810 nouum
2023 3762 2190 3824 eaput
2235 3757 2332 3822 (sic
2368 3758 2430 3809 in
2463 3758 2556 3823 M,
2604 3755 2748 3809 Tum
2789 3772 2894 3824 pro

602 3835 741 3889 Cum
772 3835 838 3902 G,
879 3834 980 3888 oui
1019 3837 1350 3890 B.-Cmsius
1395 3838 1638 3902 mauult,
1686 3843 1747 3890 ut
1793 3844 1869 3890 est
1913 3840 1974 3891 in
2012 3855 2181 3906 mary.
2213 3837 2332 3890 edd.
2367 3837 2650 3907 Gryphit),
2697 3840 2898 3890 rectius

609 3919 759 3971 Torr.
781 3917 853 3970 al.
876 3917 945 3970 ab
975 3915 1249 3985 Equester
1367 3921 1397 3969 3
1427 3917 1734 3969 reuertenti
1755 3935 1787 3968 a
1811 3919 1881 3971 M
1888 3917 1904 3947 ¹
2012 3917 2241 3985 publica
2267 3917 2316 3969 T
2324 3934 2357 3976 ς
2378 3919 2570 3987 (uuly.)
2680 3923 2713 3969 4
2741 3916 2895 3985 lega-

601 3997 743 4051 tioni
782 3999 1014 4065 Bentley
1162 4002 1192 4050 6
1231 3998 1594 4064 exposcerent
1616 3999 1668 4048 Ω,
1708 3998 1889 4065 (etiam
1927 3999 2015 4066 T),
2054 4000 2378 4065 exposceret
2418 4018 2467 4063 ς,
2505 4000 2898 4066 exposceretur

605 4078 837 4133 Casaub.
959 4083 990 4130 8
1011 4076 1265 4130 lacernas
1284 4076 1480 4143 11²Tc,-,
1505 4076 1762 4130 lucernas
1781 4079 1871 4130 rel.
1894 4079 1982 4147 (Ω)
2083 4082 2113 4129 9
2136 4077 2428 4130 doctorum
2450 4080 2524 4132 Μ
2527 4078 2597 4131 Τ1
2718 4083 2778 4130 11
2812 4077 2896 4129 in—

604 4157 1035 4210 cendiomiserat
1067 4158 1140 4209 M
1246 4162 1310 4209 12
1342 4157 1652 4210 sententiae
1683 4157 1802 4209 eius
1835 4158 1920 4222 M,
1959 4158 2237 4211 sententia
2267 4158 2386 4210 eius
2422 4158 2529 4213 GR
2557 4158 2706 4225 (imle
2735 4163 2899 4210 antea

604 4236 955 4305 dicendaque
988 4237 1059 4304 G)
1174 4243 1237 4289 13
1277 4237 1396 4289 eius
1426 4254 1525 4291 om.
1548 4241 1606 4289 X
1711 4243 1778 4289 14
1813 4253 2158 4291 resarsurum
2197 4241 2434 4307 (resaus-
2454 4241 2607 4307 Π)Ω
2644 4245 2695 4292 et
2724 4239 2802 4291 sic
2838 4243 2900 4290 ut

607 4316 720 4368 uid.
744 4316 908 4383 Suet„
929 4319 1139 4371 -turum
1162 4317 1269 4386 9²3
1285 4318 1474 4387 (uuly.)
1595 4318 1653 4369 et
1682 4318 1781 4371 del.
1799 4318 2031 4386 Lipsius
2150 4324 2214 4371 16
2245 4319 2492 4373 sestertii
2512 4321 2560 4372 Ι.
2575 4318 2644 4371 F.
2663 4319 2897 4372 Gronov.

607 4396 692 4462 (cf.
716 4395 791 4448 ad
811 4398 920 4450 Iul.
943 4402 1082 4466 5010.
1103 4402 1196 4462 26,
1215 4401 1307 4467 24)
1422 4402 1487 4450 18
1518 4397 1936 4468 estimationem
1960 4398 2011 4452 G
2120 4404 2186 4451 25
2216 4415 2393 4467 paruo
2416 4383 2496 4452 Ἀ·
2518 4401 2720 4467 patruo
2738 4399 2812 4450 M

605 4479 823 4543 partem
845 4478 918 4531 M
1035 4482 1101 4530 26
1134 4477 1485 4531 contumeliis
1515 4477 1614 4531 del.
1636 4478 1944 4532 Salmasius
2071 4484 2136 4531 29
2177 4478 2615 4532 obdormisceret
2643 4479 2723 4532 ed.
2755 4478 2898 4530 Bon.

607 4559 755 4608 14⁸&
784 4558 855 4610 al.
889 4558 981 4624 (ad
1011 4559 1073 4609 in
1098 4558 1149 4611 G
1175 4574 1244 4611 ss.
1275 4576 1340 4610 m.
1365 4562 1416 4627 1)
