3325 5209
1097 409 1317 462 DIVVS
1355 408 1739 463 AVGVSTVS
1779 420 1909 470 [cu.
1941 420 2115 469 89—94]
2624 406 2748 470 107

451 572 686 655 stipem
736 573 1082 654 quotannis
1130 573 1232 636 die
1281 577 1455 638 certo
1504 572 1946 637 emendicabat
1993 595 2030 635 a
2066 571 2310 655 populo
2349 593 2572 634 cauam
2621 593 2752 633 ma-

448 702 604 742 num
654 701 825 742 asses
872 679 1351 764 porrigentibus
1397 680 1729 764 praebens,

631 784 944 868 Auspicia
999 789 1063 849 et
1119 787 1334 850 omina
1382 786 1689 868 quaedam
1750 807 1865 868 pro
1927 786 2297 850 certissimis
2346 773 2857 848 obseruabat292

452 893 507 956 si
554 914 740 956 mane
798 891 921 955 sibi
978 892 1227 956 calceus
1281 914 1616 976 perperam
1676 914 1749 956 ac
1806 892 2067 956 sinister
2119 913 2236 976 pro
2300 892 2522 956 dextro
2571 892 2751 954 indu-

399 1022 423 1062 5
452 1002 719 1082 ceretur,
764 1003 838 1062 ut
885 1000 1123 1083 dirum,
1170 1000 1225 1062 si
1272 1003 1442 1064 terra
1486 1000 1733 1063 mariue
1781 998 2180 1083 ingrediente
2226 1020 2293 1061 se
2330 999 2751 1083 longinquam

450 1105 916 1190 profectionem
963 1105 1131 1169 forte
1178 1110 1481 1188 rorasset,
1528 1108 1602 1168 ut
1648 1107 1890 1170 laetum
1939 1106 2303 1188 maturique
2350 1110 2413 1169 et
2458 1106 2753 1188 prosperi

451 1213 710 1275 reditus
787 1212 898 1275 sed
954 1217 1018 1276 et
1075 1213 1348 1276 ostentis
1406 1214 1747 1295 praecipue
1804 1212 2201 1276 mouebatur.
2284 1216 2537 1276 enatam
2587 1212 2755 1275 inter

450 1318 781 1383 iuncturas
827 1320 1115 1402 lapidum
1163 1324 1311 1383 ante
1357 1320 1617 1382 domum
1668 1341 1849 1382 suam
1891 1319 2171 1402 palmam
2219 1319 2287 1382 in
2334 1319 2750 1402 conpluuium

452 1426 719 1490 deorum
774 1425 1114 1490 Penatium
1171 1425 1528 1508 transtulit,
1585 1429 1787 1508 utque
1844 1427 2226 1489 coalesceret
2274 1447 2513 1510 magno
2561 1447 2753 1509 opere

373 1555 424 1594 ιο
453 1534 720 1596 curauit.
823 1533 994 1615 apud
1067 1532 1345 1597 insulam
1420 1531 1696 1616 Capreas
1768 1532 2150 1596 ueterrimae
2214 1532 2379 1596 ilicis
2446 1532 2753 1595 demissos
2793 1544 2823 1591 2

451 1641 580 1702 iam
628 1640 708 1703 ad
754 1643 990 1703 terram
1036 1639 1532 1724 languentisque
1577 1660 1790 1701 ramos
1838 1639 2241 1703 conualuisse
2289 1640 2571 1702 aduentu
2618 1661 2754 1719 suo,

453 1747 610 1809 adeo
658 1746 934 1809 laetatus
983 1750 1098 1829 est,
1145 1750 1218 1809 ut
1266 1767 1372 1809 eas
1421 1767 1565 1811 cum
1614 1767 1684 1807 re
1721 1768 1781 1828 p.
1819 1744 2398 1829 Neapolitanorum
2437 1749 2757 1828 permuta-

450 1853 621 1916 uerit
665 1850 945 1916 Aenaria
991 1853 1155 1916 data.
1232 1851 1617 1916 obseruabat
1674 1856 1738 1914 et
1784 1852 1918 1915 dies
1967 1851 2304 1935 quosdam,
2358 1873 2439 1915 ne
2486 1855 2598 1915 aut
2644 1874 2754 1935 po-

453 1959 677 2023 stridie
714 1959 1036 2023 nundinas
1084 1981 1410 2042 quoquam
1448 1959 1966 2042 proficisceretur
2011 1963 2123 2022 aut
2160 1957 2370 2021 Nonis
2410 1960 2754 2040 quicquam

372 2087 424 2127 15
451 2066 545 2129 rei
603 2067 802 2130 seriae
858 2064 1214 2150 incoharet3
1270 2064 1437 2129 nihil
1493 2065 1559 2128 in
1613 2064 1738 2128 hoc
1786 2065 2044 2146 quidem
2092 2064 2267 2128 aliud
2312 2064 2631 2147 deuitanS,
2682 2067 2755 2127 ut

453 2174 534 2237 ad
580 2172 910 2237 Tiberium
959 2172 1201 2256 scribit,
1250 2195 1441 2255 quam
1491 2173 1882 2255 δυσφημίαν
1926 2171 2226 2235 nominis.

630 2280 1122 2365 Peregrinarum
1169 2278 1703 2343 caerimoniarum
1751 2279 1917 2341 sicut
1961 2282 2214 2342 ueteres
2259 2300 2334 2343 ac
2378 2281 2753 2361 praeceptas
2766 2270 2858 2337 93

449 2368 964 2452 reuerentissime
1012 2386 1229 2469 coluit,
1275 2387 1368 2449 ita
1417 2389 1655 2449 ceteras
1702 2384 2101 2468 contemptui
2147 2383 2392 2447 habuit.
2476 2404 2755 2465 namque

450 2492 724 2558 Athenis
787 2494 1079 2557 initiatus
1089 2543 1106 2575 ,
1168 2515 1312 2558 cum
1379 2494 1608 2576 postea
1652 2491 1899 2554 Romae
1953 2512 2073 2574 pro
2135 2490 2441 2555 tribunali
2498 2491 2575 2553 de
2628 2490 2755 2573 pri-

371 2620 425 2660 ιο
453 2602 693 2684 uilegio
751 2601 1153 2665 sacerdotum
1211 2599 1467 2663 Atticae
1525 2596 1776 2662 Cereris
1842 2603 2258 2682 cognosceret
2322 2602 2386 2660 et
2442 2596 2753 2680 quaedam

453 2709 794 2771 secretiora
848 2709 1386 2791 proponerentur,
1444 2705 1709 2768 dimisso
1758 2705 2028 2769 consilio
2086 2708 2152 2767 et
2208 2726 2444 2769 corona
2490 2703 2753 2768 circum-

454 2814 766 2877 stantium
815 2813 990 2877 solus
1048 2812 1251 2876 audiit
1298 2811 1744 2895 disceptantes
1838 2815 1906 2874 at
1963 2815 2187 2875 contra
2241 2833 2372 2874 non
2431 2812 2631 2874 modo·
2688 2810 2757 2874 in

451 2920 850 3006 peragranda
876 2919 1180 3005 Aegypto
1226 2919 1422 3003 paulo
1461 2918 1797 2983 deflectere
1835 2906 1917 2981 ad
1957 2918 2294 2981 uisendum
2325 2916 2503 3001 Apin
2540 2938 2755 3001 super-

454 3027 643 3106 sedit,
703 3028 813 3091 sed
868 3031 932 3090 et
989 3024 1218 3089 Graium
1272 3029 1602 3108 nepotem,
1671 3024 1845 3109 quod
1899 3023 2201 3088 Iudaeam
2259 3024 2754 3108 praeteruehens

372 3152 423 3193 25
455 3133 626 3217 apud
673 3131 1251 3216 Hierosolyma[m]
1298 3154 1431 3195 non
1478 3132 1921 3215 supplicasset,-
1968 3131 2398 3195 conlaudauit.

631 3240 721 3303 Et
768 3240 1074 3324 quoniam
1129 3240 1208 3303 ad
1254 3239 1413 3302 haec
1458 3242 1726 3301 uentum
1773 3242 1897 3321 est,
1942 3260 2076 3301 non
2121 3238 2201 3301 ab
2249 3259 2318 3301 re
2365 3238 2560 3301 fuerit
2607 3238 2754 3300 sub·
2766 3230 2861 3296 94

453 3352 685 3430 texere,
742 3369 903 3429 quae
960 3348 1019 3410 ei
1073 3346 1252 3429 prius
1309 3367 1502 3428 quam
1557 3349 1928 3409 nasceretur
1977 3349 2041 3408 et
2097 3346 2239 3427 ipso
2285 3345 2485 3408 natali
2534 3345 2634 3408 die
2682 3366 2756 3407 ac

597 3547 664 3595 24
708 3541 858 3595 Oro&
899 3540 1025 3593 VII
1053 3542 1240 3607 3,4sq.
1319 3538 1523 3591 Gaium
1569 3540 1834 3606 nepotem
1886 3555 2047 3591 suum
2095 3536 2302 3591 Caesar
2347 3538 2635 3607 Augustus
2683 3538 2754 3590 ad

452 3621 796 3674 ordinandas
842 3619 1091 3687 Aegypti
1147 3618 1453 3687 Syriaeque
1509 3618 1831 3686 prouincias
1887 3617 2059 3672 misit.
2134 3618 2234 3685 qui
2288 3618 2634 3686 praeteriens
2683 3618 2753 3671 ab

452 3701 712 3770 Aegypto
740 3702 876 3753 fines
913 3699 1269 3752 Palaestinae
1300 3698 1452 3766 apud
1470 3697 1919 3765 Hierosolymam
1948 3697 2006 3750 in
2034 3698 2246 3766 templo
2277 3698 2367 3751 dei
2396 3701 2531 3750 tunc
2561 3700 2755 3751 sancto

454 3782 512 3833 et
550 3781 756 3834 celebri
794 3781 1028 3834 adorare
1068 3779 1423 3847 contempsit,
1464 3779 1609 3831 sicut
1638 3778 1937 3832 Suetonius
1968 3778 2329 3845 Tranquillus
2359 3777 2545 3831 refert.
2604 3777 2756 3845 quod

453 3860 741 3930 Augustus
780 3860 878 3913 ubi
924 3875 1026 3928 per
1072 3877 1200 3913 eum
1239 3859 1535 3928 comperit,
1575 3874 1752 3927 prauo
1790 3875 1924 3911 usus
1961 3858 2173 3911 iudicio
2211 3858 2519 3926 prudenter
2554 3858 2755 3912 fecisse

453 3938 729 3993 laudauit.

459 4050 599 4057 --,

603 4115 629 4161 1
671 4109 728 4179 a]
767 4125 797 4162 e
828 4111 902 4163 M
1021 4114 1049 4161 7
1090 4111 1147 4161 et
1185 4126 1285 4162 om.
1317 4126 1349 4168 ς
1458 4123 1524 4161 ea
1561 4109 1759 4160 natam
1790 4107 1862 4159 M
1869 4107 1903 4173 ¹,
1941 4123 2006 4160 eo
2035 4109 2100 4160 ut
2128 4110 2322 4160 natam
2353 4107 2450 4160 M²
2575 4113 2640 4160 10
2671 4108 2755 4159 di-

454 4215 655 4268 missos
679 4215 804 4268 MG
919 4220 984 4268 12
1025 4191 1118 4280 ege
1139 4215 1213 4267 M
1220 4217 1254 4268 ὃ
1284 4218 1336 4283 (o
1364 4232 1432 4269 33.
1458 4215 1531 4267 M
1542 4213 1601 4283 ²),
1639 4231 1765 4267 eam
1784 4216 2018 4283 Bentley
2102 4231 2186 4267 ·re
2216 4230 2315 4268 om.
2351 4216 2403 4268 V
2505 4220 2571 4267 13
2602 4216 2754 4267 aeni-

455 4296 577 4348 aria
615 4295 789 4364 (elna-
819 4295 966 4364 S)X
1083 4299 1149 4347 15
1187 4295 1356 4361 quide
1394 4295 1454 4347 in
1486 4296 1558 4348 M
1678 4300 1741 4349 16
1780 4309 1952 4361 quam
1989 4312 2088 4348 om.
2126 4295 2365 4349 hocloco
2395 4293 2467 4346 X'
2591 4297 2754 4347 ΔΥΕ-

454 4377 747 4431 ΦΕΛΛΙΔΝ
783 4377 857 4428 Μ
886 4381 937 4429 et
972 4377 1093 4428 sim.
1129 4376 1223 4428 rel.
1256 4375 1315 4442 (Ε
1345 4391 1525 4429 omnes
1545 4382 1767 4442 praeter
1793 4376 1892 4444 Π),
1927 4391 2099 4442 quam
2129 4373 2541 4427 dubitationem
2570 4374 2696 4427 add.
2718 4375 2760 4427 S

451 4462 503 4511 et
536 4458 617 4511 3ἰό
651 4474 720 4511 33.
759 4457 823 4508 in
851 4455 1012 4509 VLP
1155 4460 1217 4506 17
1256 4457 1511 4522 receptas
1532 4455 1811 4520 Beroald„
1849 4454 2099 4524 p(opulo)
2139 4454 2202 4506 R.
2232 4456 2489 4523 receptas
2529 4456 2636 4522 (uel
2664 4471 2754 4506 ac-

453 4540 665 4606 ceptas>
684 4537 825 4591 Oud.
901 4541 963 4587 21
990 4534 1227 4588 concilio
1251 4533 1537 4589 HRP²ST
1606 4541 1673 4587 22
1697 4535 1984 4589 audiuitG
2060 4540 2126 4587 25
2145 4533 2536 4600 Hierosolyma
2557 4535 2754 4587 Burm.
