3325 5209
540 363 668 416 vm
1474 357 1886 419 PRAEFATIO

542 536 851 609 praeterea
897 537 967 592 ut
1011 532 1084 592 ad
1128 536 1399 593 sanctum
1435 534 1806 593 Bonifatium
1845 534 2147 594 sollertem
2186 535 2444 610 aliquem
2484 532 2838 592 monachum

542 622 845 699 dirigatis,
911 625 1015 697 qui
1078 642 1146 681 ex
1201 625 1402 683 uestra
1455 627 1627 699 parte
1682 622 2008 682 Hattonem
2065 623 2341 682 abbatem
2398 623 2702 698 deposcat,
2767 625 2839 680 ut

544 711 715 770 uobis
754 710 1103 771 Suetonium
1142 712 1559 788 Tranquillum
1606 712 1677 770 de
1724 712 1853 770 uita
1893 710 2227 785 Caesarum,
2274 712 2377 788 qui
2423 712 2579 787 apud
2629 729 2728 770 eos
2772 713 2836 768 in

543 799 687 859 duos
754 819 860 859 nec
924 819 1170 879 magnos
1237 801 1464 860 codices
1521 801 1749 860 diuisus
1806 804 1919 876 est,
1986 801 2060 860 ad
2117 800 2559 861 exscribendum
2615 800 2838 876 dirigat

541 889 805 964 mihique
853 908 986 949 eum
1035 893 1141 949 aut
1186 892 1330 966 ipsi,
1386 890 1543 966 quod
1589 892 1842 949 nimium
1887 893 2048 966 opt0,
2096 891 2358 950 afferatis
2405 892 2536 962 aut,
2596 891 2647 948 si
2692 888 2837 947 haec

542 979 795 1038 felicitas
843 981 1060 1039 nostris
1108 979 1411 1037 differetur
1454 981 1740 1063 peccatiS,
1785 999 1892 1055 per
1937 981 2328 1039 certissimum
2375 980 2654 1037 nuntium
2698 980 2836 1036 mit·

539 1067 784 1126 tendum
841 1069 1074 1127 curetis.
1167 1088 1422 1144 namque
1476 1071 1541 1144 in
1594 1068 1706 1127 hac
1760 1069 1999 1147 regione
2058 1087 2351 1144 nusquam
2411 1068 2730 1142 inuenitur,
2778 1069 2838 1125 et

543 1156 835 1215 credimus
890 1157 1001 1216 hoc
1058 1176 1293 1233 quoque
1347 1176 1453 1216 nos
1508 1157 1854 1216 beneficium
1912 1162 2111 1217 uestra
2155 1157 2516 1216 liberalitate
2564 1174 2830 1216 consecu-

540 1239 814 1327 turos.'¹)
907 1248 1208 1321 exemplar
1259 1246 1412 1305 illud
1457 1243 1749 1310 Fuldense
1766 1292 1780 1320 ‚
1844 1245 2063 1306 litteris
2127 1246 2484 1322 capitalibus
2550 1247 2834 1320 scriptum

544 1328 630 1417 (u.
670 1327 884 1414 infra),
947 1355 1153 1393 uerum
1210 1339 1389 1412 atque
1445 1338 1686 1394 unicum
1744 1335 2130 1412 archetypum
2188 1353 2311 1394 esse
2359 1334 2672 1410 quominus
2719 1338 2837 1393 sta·

540 1426 781 1483 tuamus
836 1423 990 1486 nihil
1045 1443 1136 1482 me
1177 1424 1384 1484 iudice
1440 1424 1680 1483 uidetur
1733 1424 1984 1484 obstare.
2078 1419 2257 1500 atque
2304 1418 2374 1483 ex
2420 1423 2624 1483 eodem
2673 1422 2837 1481 fonte

541 1503 806 1572 hausisse
853 1511 1225 1572 Einhardum
1272 1514 1470 1573 facile⁴
1496 1506 1864 1587 concedetur,
1913 1516 2017 1589 qui
2063 1511 2194 1573 cum
2246 1513 2436 1572 uitam
2463 1507 2685 1571 ‘Caroli
2729 1514 2837 1570 im-

539 1604 832 1677 peratoris
888 1604 1095 1679 paucis
1149 1607 1287 1679 post
1342 1602 1570 1662 obitum
1616 1604 1753 1662 eius
1819 1605 1989 1662 annis
2056 1602 2422 1661 conscribere
2480 1603 2838 1675 institueret,

542 1691 698 1749 hunc
760 1691 1137 1767 potissimum
1203 1712 1232 1750 e
1297 1692 1598 1752 ueteribus
1663 1692 2050 1769 scriptoribus
2114 1687 2471 1751 imitandum
2535 1691 2651 1749 sibi
2703 1709 2839 1766 pro·

541 1780 759 1856 posuit,
800 1780 1150 1840 Caesaribus
1198 1784 1268 1839 ac
1314 1783 1568 1853 maxime
1614 1784 1746 1840 uita
1782 1781 2039 1860 Augusti
2086 1785 2211 1839 tam
2259 1784 2499 1840 strenue
2546 1798 2704 1855 usus,
2749 1775 2840 1838 ‘ut

541 1888 658 1927 non
716 1870 892 1928 modo
940 1889 1171 1928 omnem
1219 1870 1410 1929 libelli
1464 1870 1920 1947 descriptionem
1979 1871 2081 1929 sed
2134 1872 2313 1930 etiam
2369 1871 2632 1948 integras
2679 1868 2839 1927 haud

540 1977 677 2017 raro
725 1961 1047 2018 sententias
1095 1958 1234 2018 inde
1279 1962 1646 2036 repetiuerit,
1694 1965 1754 2019 et
1799 1979 2270 2035 nonnumquam,
2335 1963 2402 2018 ut
2447 1961 2584 2022 iam?
2618 1957 2838 2017 Casan·

540 2047 728 2106 bonus
783 2047 1100 2121 iudicauit,
1160 2049 1440 2107 imitandi
1493 2049 1692 2110 studio
1739 2067 1882 2107 suae
1936 2045 2219 2107 historiae
2273 2050 2591 2107 ueritatem
2645 2051 2837 2106 trans·

540 2155 773 2214 gressus
820 2155 943 2196 esse
989 2130 1373 2216 uideatur.''²)
1448 2138 1643 2198 medio
1677 2138 1878 2216 igitur
1923 2138 2156 2197 saeculo
2203 2156 2359 2196 nono
2409 2137 2726 2196 Suetonius
2766 2137 2836 2222 'in

544 2224 805 2284 Galliam
852 2226 1116 2301 perlatus
1153 2231 1280 2300 est,
1335 2246 1454 2286 non
1509 2228 1640 2302 ipsa
1689 2226 1929 2302 quidem
1974 2227 2279 2286 uolumina
2326 2222 2670 2298 Fuldensia,
2736 2225 2837 2283 sed

543 2316 981 2392 apographum,
1036 2315 1098 2373 id
1155 2316 1317 2390 quod*
1367 2316 1626 2392 probant
1679 2317 2054 2391 corruptelae
2110 2315 2430 2373 nonnullae
2477 2315 2695 2373 librum
2742 2314 2838 2372 de·

543 2405 845 2482 signantes
892 2411 1197 2463 exaratum
1245 2405 1582 2464 minuscula
1629 2405 1990 2478 litteratura,
2038 2405 2203 2480 quali
2243 2399 2564 2463 Fuldenses
2612 2402 2839 2462 scribae

540 2511 731 2568 usque
797 2492 871 2551 ad
945 2494 1008 2551 id
1082 2494 1202 2552 fere
1276 2497 1509 2569 tempus
1583 2494 1920 2553 utebantur.
1933 2486 1984 2574 3)
2081 2498 2210 2552 turn
2283 2493 2518 2551 demum
2592 2490 2839 2552 Suetoni

545 2600 690 2658 opus
764 2582 957 2659 magis
1031 2584 1337 2659 magisque
1412 2585 1674 2642 innotuit
1737 2585 2076 2658 passimque
2142 2583 2397 2641 maxime
2467 2600 2575 2656 per
2636 2583 2839 2657 partes

545 2670 880 2730 Galliarum
935 2669 1252 2748 uulgatum
1314 2675 1418 2731 est.
1508 2675 1693 2731 testes
1748 2674 1912 2744 suut,
1958 2674 2027 2730 ut
2072 2672 2143 2729 de
2189 2671 2281 2729 his
2327 2672 2588 2746 primum
2633 2671 2840 2745 paucis

547 2760 871 2833 absoluam,
918 2762 1014 2818 uel
1064 2762 1166 2836 qui
1212 2752 1297 2818 in'
1321 2762 1584 2837 antiquis
1631 2761 2124 2821 bibliothecarum
2166 2761 2455 2838 catalogis
2493 2779 2840 2818 enumeran-

723 2950 774 3017 1)
811 2946 1125 3014 Dummler,
1174 2941 1417 3001 Monuni.
1451 2948 1632 3002 Germ.
1672 2949 1801 3001 hist.
1837 2948 2004 3016 epist.
2044 2947 2182 3001 tomi
2212 2946 2288 2998 VI
2334 2963 2462 3016 pars
2501 2946 2652 3016 prior
2687 2964 2739 3014 p.
2773 2951 2838 3000 81

544 3018 725 3086 (epist.
757 3022 874 3086 91);
901 3019 1232 3073 Desdevises
1254 3021 1329 3073 du
1351 3019 1565 3082 Deze'rt,
1594 3020 1812 3074 Lettres
1834 3021 1905 3074 de
1926 3019 2117 3072 Servat
2136 3019 2293 3086 Loup
2323 3036 2375 3086 p.
2400 3023 2493 3084 983
2525 3016 2587 3071 G.
2609 3017 2839 3084 Becker,

544 3088 718 3143 Catal.
747 3090 883 3145 bibl.
916 3093 1030 3145 ant.
1061 3109 1114 3158 p.
1146 3096 1230 3144 59.
1287 3091 1347 3144 in
1376 3092 1490 3146 alia
1519 3092 1592 3145 ad
1621 3092 1861 3145 eundem
1892 3090 2138 3159 epistula
2168 3097 2240 3158 (n.
2275 3093 2378 3154 10),
2416 3089 2482 3142 de
2515 3089 2670 3142 cuius
2700 3092 2840 3142 tem-

544 3163 678 3229 pore
729 3179 840 3216 non
891 3165 1114 3216 constat
1158 3162 1479 3230 (Levillain‚
1525 3162 1671 3217 Bibl.
1712 3163 1781 3216 de
1831 3161 2041 3216 l'Ecole
2098 3162 2195 3215 des
2249 3161 2465 3214 chartes
2517 3159 2662 3213 LXII
2701 3164 2836 3212 1901

543 3251 595 3301 p.
619 3238 722 3287 483
744 3237 862 3303 sq.)‚
900 3234 1039 3287 hae'c
1076 3233 1341 3303 legimus:
1383 3234 1542 3301 ‘quid
1581 3250 1748 3302 super
1782 3232 2048 3287 Suetonio
2077 3232 2403 3301 Tranquillo
2439 3235 2497 3285 et
2533 3231 2768 3300 Iosepho
2807 3248 2840 3284 a

541 3304 703 3358 uobis
740 3305 859 3358 fieri
898 3307 1113 3373 optem,
1153 3305 1561 3359 demonstrabit
1599 3305 1751 3375 Eigil
1787 3307 2100 3359 nostrarum
2138 3310 2320 3357 rerum
2358 3303 2501 3356 fidus
2523 3303 2836 3370 ‘interpres'

542 3375 712 3440 (Mon.
738 3375 917 3430 Germ.
948 3377 983 3430 1.
1006 3376 1043 3429 l.
1064 3395 1118 3444 p.
1142 3382 1226 3430 21.
1276 3376 1603 3431 Desdevises
1630 3395 1686 3445 p.
1709 3383 1792 3431 84.
1849 3375 2064 3431 Becker
2081 3395 2135 3444 p.
2158 3379 2261 3444 57).
2322 3376 2391 3428 de
2412 3375 2757 3428 Marcwardo
2783 3376 2840 3427 et

545 3446 695 3516 Eigil
717 3449 1007 3514 monacho,
1028 3446 1125 3515 qui
1144 3450 1273 3517 post
1293 3447 1453 3501 illum
1473 3448 1650 3501 abbas
1672 3448 2011 3501 Prumiensis
2032 3447 2214 3500 factus
2236 3450 2322 3499 est
2341 3450 2410 3514 (a.
2429 3451 2747 3513 853-860),
2770 3444 2839 3498 cf.

542 3517 630 3570 W.
639 3517 1029 3584 wattenbach,
1043 3518 1455 3573 Deutschlands
1469 3517 2023 3586 Geschichtsquellen
2042 3520 2120 3571 im
2135 3517 2469 3571 Mittelalter
2484 3517 2533 3569 Ιτ
2544 3523 2704 3586 p.309
2720 3534 2838 3585 sqq.

724 3592 775 3657 2)
815 3590 961 3643 Roth
991 3609 1043 3658 p.
1075 3590 1266 3644 XVIII.
1298 3623 1366 3630 -
1395 3589 1714 3645 Einhardus
1753 3591 1858 3644 etsi
1896 3607 2008 3644 non
2045 3589 2284 3642 multum
2315 3588 2530 3642 confert
2560 3588 2631 3641 ad
2671 3588 2842 3642 crisin

545 3659 792 3725 Suetoni,
814 3664 1000 3717 tamen
1021 3661 1401 3732 neglegendus
1422 3679 1534 3715 non
1564 3666 1650 3715 est
1667 3662 1769 3730 (cf.
1790 3662 1976 3715 Herm.
2002 3666 2068 3714 36
2088 3680 2142 3729 p.
2165 3665 2267 3714 298
2291 3662 2408 3727 sq.).
2459 3659 2841 3713 imitationum

543 3732 907 3786 notabiliores
930 3735 1151 3786 tantum
1171 3734 1318 3787 inter
1337 3734 1662 3787 testimonia
1682 3733 1864 3802 posui,
1897 3750 2030 3786 usus
2052 3732 2301 3786 editione
2320 3730 2619 3786 Pertziana
2639 3733 2842 3798 quarta

544 3820 712 3870 quam
751 3804 973 3857 curauit
1012 3803 1072 3874 G.
1105 3804 1294 3857 Waitz
1326 3805 1597 3873 (Hannov.
1631 3807 1807 3873 1880),
1848 3804 1906 3856 in
1936 3821 2046 3872 qua
2072 3803 2297 3872 potiora
2331 3803 2602 3855 adnotata
2631 3802 2838 3855 inueni.

545 3875 869 3928 adiecerunt
898 3874 1168 3928 nonnulla
1197 3876 1343 3929 Frid.
1368 3875 1622 3929 Schmidt
1652 3875 1754 3945 (De
1778 3875 2059 3929 Einhardo
2091 3873 2344 3928 Suetonii
2364 3873 2666 3940 imitatore,
2695 3873 2842 3942 Bay-

543 3946 709 3999 reuth
749 3950 905 4015 1880)
946 3950 1003 4001 et
1039 3947 1112 3999 M.
1145 3947 1413 4009 Manitius
1450 3946 1655 4015 (Neues
1695 3947 1899 4000 Archiv
1937 3946 2039 3998 VII
2081 3950 2215 3999 1882
2254 3964 2307 4013 Ρ,
2342 3949 2444 3997 530
2466 3947 2633 4014 sqq),
2681 3945 2842 3998 inda-

544 4018 778 4086 garique
817 4020 1081 4085 poterunt
1118 4018 1230 4070 alia
1258 4018 1437 4087 plura.
1501 4019 1883 4071 imitationum
1913 4016 2131 4086 pondus
2161 4016 2346 4069 leuare
2376 4034 2573 4084 parum
2601 4016 2844 4070 feliciter

546 4091 779 4142 conatus
827 4091 913 4142 est
950 4088 1228 4142 Gustavus
1266 4089 1447 4142 Janke
1495 4090 1628 4158 (Der
1675 4089 1895 4144 Einfluss
1943 4089 2177 4151 Suetons
2227 4087 2329 4142 auf
2370 4087 2462 4147 die
2504 4087 2841 4147 ‚historische

545 4158 899 4229 Richtigkeit
944 4159 1221 4214 Einhards
1274 4161 1332 4213 in
1380 4162 1479 4215 der
1516 4160 1651 4214 Vita
1697 4160 1915 4225 Karoli,
1968 4158 2148 4213 Berol.
2183 4163 2357 4228 1872).
2432 4159 2502 4212 cf.
2551 4164 2843 4227 praeterea

546 4247 690 4297 quae
728 4232 1045 4299 disputauit
1076 4231 1338 4286 Ernestus
1367 4232 1682 4297 Bernheim,
1722 4232 1929 4285 Histor.
1962 4231 2227 4285 Aufsatze
2267 4233 2394 4285 dem
2423 4231 2733 4290 Andenken
2771 4248 2842 4286 an

547 4300 731 4372 Georg
767 4302 953 4356 Waitz
992 4302 1293 4372 gewidmet
1330 4304 1601 4372 (Hannov.
1636 4308 1793 4368 1886)
1841 4322 1893 4371 p.
1928 4309 2152 4368 73-96,
2202 4306 2259 4356 et
2305 4303 2364 4356 in
2410 4303 2734 4362 uniuersum
2773 4301 2842 4354 de

543 4372 666 4426 uita
705 4373 914 4441 Caroli,
972 4379 1295 4442 quaeante
1344 4391 1392 4429 a.
1425 4380 1528 4428 820
1576 4374 1836 4434 absoluta
1885 4379 1992 4440 est,
2033 4374 2439 4439 Wattenbach,
2488 4371 2842 4430 Geschichts-

548 4444 770 4512 quellen
812 4446 862 4499 1⁷
899 4465 952 4514 p.
985 4451 1088 4499 203
1109 4464 1228 4515 sqq.

726 4521 777 4586 3)
817 4517 881 4571 V.
923 4521 1285 4586 conspectum
1327 4518 1654 4572 mendorum
1695 4517 1842 4571 infra
1883 4518 2092 4572 datum.
