3325 5209
1259 384 1592 438 TIBERIVS
1632 395 1763 445 [cur.
1793 396 1942 444 8—11]
2627 383 2753 449 125

456 574 540 614 an
584 554 657 614 ut
703 550 912 614 uitato
962 549 1356 613 assiduitatis
1404 547 1668 612 fastidio
1718 548 2168 612 auctoritatem
2214 548 2505 637 absentia
2550 552 2753 611 tuere-

456 663 564 721 tur
626 660 819 740 atque
884 659 1076 720 etiam
1108 662 1111 665 ’
1143 661 1432 741 augeret,
1490 653 1571 718 si'
1601 656 1856 739 quando
1923 655 2306 739 indiguisset
2372 654 2471 717 sui
2534 677 2635 727 res
2690 678 2752 737 p.

457 752 718 847 quidam
766 765 1156 847 existimant,
1204 763 1440 827 adultis
1488 763 1615 826 iam
1662 758 1946 847 Augusti
1992 762 2233 846 liberis,
2279 762 2421 825 loco
2469 766 2532 824 et
2571 760 2752 844 quasi

456 872 859 955 p0ssessione
907 871 1212 954 usurpati
1251 893 1287 933 a
1343 892 1408 933 se
1456 869 1579 935 diu¹
1614 869 1874 933 secundi
1930 868 2167 955 gradus
2214 873 2442 952 sponte
2490 868 2753 931 cessisse

402 1002 425 1042 5
456 978 749 1061 exemplo
814 979 897 1041 M.
936 977 1292 1064 Agrippae,
1359 977 1470 1060 qu'i
1526 975 1611 1039 M.
1650 975 1957 1039 Marcello
2023 976 2103 1038 ad
2167 997 2432 1038 munera
2496 974 2754 1058 publica

454 1086 716 1175 admoto
763 1084 1107 1168 Mytilenas
1155 1084 1404 1167 abierit,
1451 1106 1529 1146 ne
1578 1087 1690 1146 aut
1737 1083 1992 1146 obstare
2031 1086 2141 1145 aut
2180 1069 2539 1145 obtrectare
2578 1103 2753 1164 prae-
2799 1090 2804 1099 ‘

455 1213 598 1254 sens
657 1191 1002 1256 uideretur.
1097 1214 1289 1275 quam
1350 1213 1605 1254 causam
1668 1194 1731 1253 et
1787 1190 1950 1274 ipse,
2007 1189 2117 1252 sed
2163 1193 2411 1272 postea,
2457 1188 2751 1251 reddidit.
2793 1205 2823 1249 2

455 1303 611 1363 tunc
657 1303 870 1362 autem
917 1300 1237 1363 honorum
1286 1299 1647 1361 satietatem
1692 1318 1764 1360 ac
1800 1297 2087 1379 requiem
2125 1296 2416 1359 laborum
2467 1299 2753 1378 praeten-

457 1405 610 1468 dens
659 1411 1085 1470 commeatum
1133 1406 1322 1490 petit3
1379 1427 1585 1488 neque
1632 1409 1743 1467 aut
1791 1404 1982 1467 matri
2041 1403 2421 1487 suppliciter
2466 1402 2753 1484 precanti

378 1536 428 1576 ιο
457 1516 568 1575 aut
615 1512 850 1595 uitrico
899 1513 1101 1579 deseri
1151 1535 1216 1576 se
1264 1513 1456 1576 etiam
1507 1512 1573 1573 in
1621 1515 1847 1574 senatu
1887 1510 2302 1593 conquerenti
2350 1509 2605 1572 ueniam
2654 1509 2754 1571 de-

457 1619 567 1682 dit.
663 1620 819 1701 quin
876 1624 938 1683 et
986 1619 1379 1702 pertinacius
1436 1618 1888 1701 retinentibus,
1954 1618 2098 1681 cibo
2156 1639 2269 1699 per
2325 1615 2754 1699 quadriduum

457 1726 786 1788 abstinuit.
881 1728 1050 1789 facta
1124 1711 1380 1788 tandem
1447 1725 1724 1787 abeundi
1790 1728 2139 1806 potestate,
2205 1723 2446 1786 relictis
2513 1722 2755 1786 Romae

460 1854 657 1896 uxore
715 1818 778 1895 e't
834 1833 971 1895 filio
1021 1832 1359 1895 confestim
1407 1829 1654 1893 Ostiam
1714 1830 2067 1914 descendit,
2122 1851 2201 1891 ne
2248 1829 2448 1891 uerbo
2496 1829 2753 1911 quidem

460 1939 754 2021 cuiquam
814 1939 1343 2023 prosequentium
1401 1937 1651 2000 reddito
1709 1958 2075 2021 paucosque
2141 1935 2485 1998 admodum
2542 1935 2610 1995 in
2668 1933 2755 1996 di-

380 2068 429 2107 15
460 2067 684 2130 gressu
740 2046 1160 2109 exosculatus,
1254 2045 1333 2107 ab
1392 2043 1573 2108 Ostia
1639 2066 1818 2107 oram
1878 2041 2260 2125 Campaniae
2314 2042 2534 2125 legens
2583 2037 2860 2103 inbe-ll

460 2148 727 2216 cilli‘tate
792 2150 1074 2238 Augusti
1148 2153 1445 2215 nuntiata
1512 2152 1777 2235 paulum
1855 2149 2160 2212 substitit.
2263 2148 2374 2210 sed
2442 2147 2756 2209 increbre-

459 2262 673 2321 scente
721 2281 978 2323 rumore
1028 2258 1210 2341 quasi
1258 2258 1337 2321 ad
1385 2258 1782 2321 occasionem
1833 2257 2094 2320 maioris
2151 2255 2287 2339 spei
2336 2276 2755 2317 commorare-

459 2369 583 2449 tur,
631 2370 885 2429 tantum
942 2387 1075 2429 non
1130 2365 1417 2428 aduersis
1466 2364 1959 2448 tempestatibus
2006 2363 2308 2426 Rhodum
2367 2361 2757 2446 enauigauit,

460 2474 845 2536 amoenitate
894 2478 958 2536 et
1005 2472 1381 2536 salubritate
1419 2472 1664 2535 insulae
1704 2471 1830 2534 iam
1869 2470 2018 2533 inde
2056 2474 2278 2553 captus
2318 2491 2463 2532 611111
2502 2468 2581 2531 ad
2619 2490 2753 2530 eam

379 2601 431 2639 20
460 2579 539 2641 ab
579 2578 887 2643 Armenia
926 2579 1174 2643 rediens
1213 2579 1582 2662 appulisset.
1656 2578 1763 2641 hic
1800 2577 2072 2642 modicis
2119 2580 2457 2639 contentus
2496 2575 2757 2638 aedibus

458 2707 575 2749 nec
622 2686 827 2749 multo
875 2686 1118 2749 laxiore
1168 2686 1536 2749 suburbano
1585 2707 1789 2771 genus
1836 2685 2009 2747 uitae
2058 2684 2246 2746 ciuile
2284 2682 2625 2745 admodum
2668 2682 2760 2744 in-

461 2792 693 2875 stituit,
734 2793 871 2855 sine
908 2792 1135 2856 lictore
1175 2796 1286 2855 aut
1323 2792 1572 2855 uiatore
1601 2791 1941 2877 gymnasio
1974 2790 2296 2853 interdum
2337 2788 2758 2853 obambulans

461 2904 812 2982 mutuaque
860 2921 1005 2962 cum
1057 2898 1383 2962 Graeculis
1433 2899 1648 2962 officia
1694 2920 2014 2981 usurpans
2062 2918 2263 2980 prope
2312 2918 2389 2959 ex
2436 2917 2716 2977 aequo„

639 3005 834 3071 Forte
865 3006 1188 3088 quondam
1227 3007 1294 3068 in
1324 3005 1722 3087 disponendo
1763 3004 1864 3068 die
1903 3026 2088 3067 mane
2125 3004 2546 3087 praedixerat,
2579 3003 2758 3085 quid·
2799 3018 2828 3062 2

382 3133 433 3173 25
463 3113 618 3196 quid
666 3134 1006 3198 aegrorum
1057 3112 1121 3174 in
1173 3113 1434 3176 ciuitate
1482 3116 1648 3175 esset
1696 3112 1956 3175 uisitare
2005 3133 2069 3174 se
2108 3110 2299 3192 uelle3
2348 3109 2413 3172 id
2460 3133 2497 3172 a
2544 3111 2760 3193 proxi-

460 3222 582 3283 mis
640 3220 827 3283 aliter
884 3223 1222 3303 exceptum
1281 3219 1563 3301 iussique
1621 3222 1772 3281 sunt
1821 3240 2040 3282 omnes
2099 3218 2273 3303 aegri
2321 3216 2388 3278 in
2435 3217 2760 3299 publicam

460 3328 783 3411 porticum
832 3327 1067 3391 deferri
1114 3347 1187 3389 ac
1241 3349 1355 3409 per
1402 3326 1836 3389 ualitudinum
1883 3347 2118 3409 genera
2167 3324 2441 3408 disponi.
2517 3323 2761 3406 percul-

462 3456 568 3497 sus
625 3455 779 3520 ergo
838 3434 1172 3518 inopinata
1227 3455 1293 3496 re
1352 3433 1585 3516 diuque
1643 3432 1800 3515 quid
1855 3436 2073 3517 ageret
2129 3432 2409 3495 incertus
2420 3483 2437 3515 ,
2502 3431 2760 3493 tandem

464 3542 754 3625 singulos
811 3541 1036 3604 circuit
1095 3562 1402 3603 excusans
1459 3540 1697 3603 factum
1751 3540 1943 3601 etiam
1993 3539 2368 3603 tenuissimo
2419 3538 2650 3621 cuique
2698 3542 2761 3600 et

383 3666 436 3705 30
464 3647 705 3732 ignoto,
788 3670 990 3710 unum
1037 3647 1160 3710 hoc
1206 3647 1397 3709 modo
1446 3668 1650 3728 neque
1704 3649 2030 3728 praeterea
2077 3644 2419 3728 quicquam
2465 3649 2760 3708 notatum
2802 3655 2832 3702 3

610 3927 642 3970 4
682 3922 878 3987 sponte
916 3937 1015 3973 om.
1051 3920 1101 3973 G
1276 3926 1305 3972 9
1345 3918 1515 3988 petiit
1558 3921 1668 3972 ΤΤ
1839 3924 1900 3970 11
1942 3918 2063 3988 per]
2103 3919 2160 3971 et
2196 3934 2296 3985 per
2328 3920 2378 3971 G
2551 3918 2763 3984 quatri-

467 3999 639 4051 duum
670 4000 1005 4068 (quadruum
1028 4000 1119 4067 10¹,
1156 4000 1407 4054 triduum
1429 3999 1529 4069 ΕΙ)
1551 4002 1621 4064 Ω,
1658 3999 1726 4065 cf.
1751 3999 1893 4067 Any.
1919 4004 1992 4051 98
2018 4016 2072 4066 p.
2098 4003 2220 4062 112,
2240 4003 2316 4052 23
2430 4004 2493 4050 13
2533 4015 2635 4051 nec
2657 4000 2769 4049 XII

469 4086 531 4132 17
573 4079 802 4132 maioris
841 4097 941 4132 om.
967 4081 1027 4133 ·V
1203 4085 1266 4133 19
1305 4080 1420 4132 iam
1459 4097 1558 4132 om.
1593 4079 1644 4132 G
1826 4084 1890 4130 22
1940 4080 2236 4147 gymnasia
2284 4097 2349 4132 eoe
2386 4079 2586 4146 optimo
2626 4079 2764 4130 libro

467 4160 667 4214 laudat
690 4161 864 4224 Torr„
902 4159 1239 4228 gynnasium
1269 4161 1303 4212 δ
1412 4159 1708 4212 ambulans
1741 4160 1793 4212 V
1905 4164 1969 4210 23
2010 4162 2284 4227 usurpant
2311 4159 2361 4212 G
2482 4164 2548 4210 25
2571 4174 2765 4226 aegro-

362 4272 371 4279 ’
464 4279 585 4329 tum
625 4277 858 4344 Bentley
905 4278 950 4343 (e
988 4275 1102 4329 cod.
1142 4276 1421 4340 Sion-ensi,
1466 4282 1528 4329 ut
1564 4276 1710 4339 uid„
1763 4276 1820 4327 in
1867 4291 1970 4342 quo
2009 4283 2084 4328 est
2123 4244 2423 4343 egrotum),
2474 4272 2766 4326 Graiorum

469 4357 742 4411 Graevius
847 4355 1109 4409 uisitaret
1139 4356 1201 4421 V,
1228 4356 1412 4409 uitare
1436 4355 1699 4409 ΜζῖΡΠ1
1818 4359 1883 4406 26
1924 4357 2216 4423 acceptum
2242 4356 2471 4407 Ouwens
2582 4359 2645 4404 ‘27
2667 4371 2767 4421 per

465 4453 565 4490 om.
609 4438 661 4489 V
763 4436 1099 4505 disponendi
1131 4436 1227 4489 M1
1334 4451 1629 4504 percussus
1672 4436 1726 4489 V
1831 4440 1896 4487 28
1936 4437 2124 4488 tamen
2161 4438 2208 4486 Y
2312 4440 2379 4485 29
2422 4435 2620 4486 circuit
2652 4435 2766 4497 VL,

466 4517 691 4570 circuiit
726 4521 775 4570 'I’
914 4516 1130 4570 factum
1168 4534 1267 4570 om.
1299 4516 1469 4585 11le
