3325 5209
1307 407 1507 462 NERO
1548 420 1679 469 [car.
1711 420 1886 470 31—33]
2606 412 2732 475 251

442 569 611 633 trahi
667 591 739 633 ac
796 570 1037 634 differri
1093 593 1351 636 necesse
1406 575 1599 654 esset,
1657 571 1996 636 calumniis
2043 574 2415 656 rapinisque
2461 572 2737 637 intendit

443 675 746 740 animum.

620 782 792 848 Ante
841 784 1057 847 omnia
1095 783 1398 867 instituit,
1445 787 1517 848 ut
1565 805 1598 846 e
1643 784 2026 849 libertorum
2063 784 2511 853 defunctorum
2550 786 2736 848 bonis
2775 805 2806 850 2
2894 847 2901 861 ,

442 911 561 972 pro
619 889 881 954 semisse
937 890 1203 953 dextans
1261 891 1320 953 ei
1374 895 1738 976 cogeretur,
1803 890 1913 973 qui
1981 893 2117 954 sine
2172 891 2494 975 probabili
2549 914 2740 957 causa

390 1022 413 1060 ⁶
445 1018 518 1060 eo
566 996 828 1061 nomine
875 1001 1102 1079 essent,
1151 1018 1278 1080 quo
1326 996 1603 1061 fuissent
1649 998 1820 1061 ullae
1871 997 2154 1062 familiae
2203 1021 2361 1081 quas
2406 1001 2544 1083 ipse
2591 1020 2736 1063 con—

442 1105 747 1188 tingeret3
808 1103 1063 1186 deinde,
1119 1107 1192 1166 ut
1248 1104 1653 1189 ingratorum
1713 1104 1782 1167 in
1826 1105 2181 1188 principem
2228 1109 2612 1169 testamenta
2658 1105 2739 1168 ad

440 1209 670 1273 fiscum
725 1211 1144 1293 pertinerent,
1202 1233 1275 1274 ac
1336 1232 1413 1274 ne
1478 1212 1740 1295 impune
1795 1216 1961 1275 esset
2018 1212 2323 1275 studiosis
2381 1212 2564 1295 iuris,
2625 1213 2737 1295 qui

442 1316 850 1399 scripsissent
907 1316 1010 1380 uel
1066 1317 1415 1409 dictassent
1471 1340 1571 1402 ea3
1631 1322 1788 1381 tunc
1843 1322 1917 1382 ut
1969 1319 2112 1402 lege
2160 1318 2514 1382 maiestatis
2558 1319 2739 1382 'facta

444 1423 739 1506 dictaque
786 1425 1018 1506 omnia,
1065 1424 1301 1506 quibus
1347 1424 1540 1489 modo
1588 1425 1836 1489 delator
1872 1447 2002 1488 non
2044 1425 2304 1502 deesset,
2350 1429 2738 1490 tenerentur.

362 1559 413 1598 ιο
441 1531 773 1595 reuocauit
820 1535 884 1593 et
930 1532 1214 1613 praemia
1260 1552 1659 1613 coronarum,
1709 1552 1870 1613 quae
1915 1554 2222 1615 umquam
2269 1532 2392 1595 sibi
2441 1532 2736 1595 ciuitates
2778 1548 2809 1596 3

441 1637 510 1700 in
559 1637 1014 1701 certaminibus
1064 1637 1463 1700 detulissent.
1539 1642 1604 1700 et
1650 1659 1793 1701 cum
1853 1638 2291 1703 interdixisset
2337 1662 2524 1702 usum
2574 1660 2736 1701 ame-

442 1743 716 1825 thystini
765 1766 839 1808 ac
886 1743 1067 1824 Tyrii
1115 1742 1350 1806 coloris
1398 1744 1952 1827 summisissetque
2000 1746 2110 1827 qui
2158 1746 2586 1809 nundinarum
2637 1745 2738 1809 die

442 1852 750 1932 pauculas
789 1850 1010 1913 uncias
1040 1849 1363 1932 uenderet,
1391 1851 1740 1933 praeclusit
1769 1854 2034 1915 cunctos
2063 1851 2516 1936 negotiatores
2582 1852 2739 1935 quin

443 1958 637 2019 etiam
683 1957 854 2019 inter
899 1956 1253 2021 canendum
1299 1957 1809 2020 animaduersam
1856 1961 2215 2020 matronam
2256 1959 2322 2020 in
2359 1959 2738 2041 spectaculis

364 2090 414 2130 15
445 2064 649 2126 uetita
694 2086 983 2147 purpura
1029 2062 1267 2126 cultam
1315 2063 1787 2127 demonstrasse
1834 2063 2362 2147 procuratoribus
2410 2066 2542 2128 suis
2589 2066 2738 2129 dici-

441 2175 549 2233 tur
606 2171 1082 2253 detractamque
1139 2170 1288 2234 ilico
1344 2191 1474 2233 non
1531 2174 1711 2234 ueste
1766 2171 1958 2234 modo
2016 2171 2120 2234 sed
2181 2173 2244 2233 et
2300 2171 2486 2234 bonis
2545 2172 2738 2235 exuit.

442 2277 605 2341 nulli
671 2276 994 2362 delegauit
1060 2277 1344 2340 officium
1411 2281 1485 2340 ut
1547 2300 1677 2341 non
1735 2278 2037 2343 adiceret:
2103 2278 2252 2340 scis
2310 2275 2489 2359 quid
2551 2277 2740 2340 mihi
2778 2296 2811 2341 4

443 2406 629 2466 opus
688 2385 821 2467 sit,
878 2387 968 2447 et:
1024 2384 1167 2448 hoc
1222 2406 1560 2469 agamus,
1614 2406 1704 2448 ne
1762 2384 1932 2467 quis
1980 2384 2387 2467 quicquam
2442 2383 2737 2446 habeat.

441 2492 671 2555 ultimo
732 2492 995 2574 templis
1055 2491 1495 2574 compluribus
1556 2491 1725 2555 dona
1794 2491 2071 2555 detraxit
2131 2490 2598 2572 simulacraque
2660 2512 2737 2553 ex

362 2624 412 2662 20
441 2620 597 2660 auro
648 2598 753 2661 uel
799 2602 1064 2683 argento
1113 2599 1424 2662 fabricata
1470 2597 1795 2676 conflauit,
1842 2598 1908 2661 in
1956 2599 2034 2662 iis
2073 2597 2412 2662 Penatium
2454 2597 2741 2679 deorum,

443 2728 605 2788 quae
652 2727 803 2768 mox
850 2703 1053 2768 Galba
1098 2705 1399 2769 restituit.
2328 2768 2349 2785 ,

622 2811 973 2876 Parricidia
1029 2816 1093 2875 et
1150 2812 1371 2876 caedes
1425 2835 1463 2875 a
1512 2810 1782 2875 Claudio
1832 2833 2096 2875 exorsus
2155 2815 2278 2894 est3
2339 2811 2519 2875 cuius
2566 2809 2837 2876 necis33

444 2920 562 2981 etsi
612 2941 744 2983 non
789 2923 1029 2995 auctor,
1077 2923 1142 2981 at
1190 2920 1481 2982 conscius
1529 2918 1674 3000 fuit,
1721 2940 1926 3001 neque
1967 2917 2461 2995 dissimulanter,
2508 2921 2582 2981 ut
2629 2919 2741 2999 qui

444 3026 721 3109 boletOS,
779 3026 844 3088 in
893 3046 1020 3107 quo
1069 3025 1196 3089 cibi
1244 3047 1474 3108 genere
1529 3047 1850 3088 uenenum
1896 3025 1950 3088 is
1999 3028 2359 3107 acceperat,
2407 3024 2589 3106 quasi
2640 3024 2740 3086 de-

364 3156 414 3194 25
447 3155 627 3195 orum
679 3132 895 3195 cibum
942 3132 1212 3214 posthac
1257 3132 1601 3216 prouerbio
1650 3131 1892 3196 Graeco
1943 3130 2324 3194 conlaudare
2372 3131 2457 3194 sit
2495 3130 2738 3194 solitus

446 3245 613 3303 certe
672 3239 973 3304 omnibus
1027 3261 1241 3302 rerum
1298 3240 1771 3321 uerborumque
1818 3237 2227 3302 contumeliis
2275 3242 2600 3300 mortuum
2648 3237 2741 3300 in-

446 3349 724 3411 sectatus
774 3351 888 3429 est,
936 3347 1126 3410 modo
1176 3346 1490 3409 stultitiae
1539 3346 1730 3408 modo
1780 3345 2085 3408 saeuitiae
2133 3365 2434 3429 arguens;
2481 3366 2630 3406 nam
2678 3349 2743 3407 et

443 3454 726 3517 morari
783 3476 929 3515 eum
986 3454 1225 3517 desisse
1280 3452 1447 3515 inter
1503 3451 1795 3514 homines
1862 3452 2176 3533 producta
2230 3451 2438 3533 prima
2495 3450 2743 3534 syllaba

591 3654 655 3701 13
694 3649 762 3714 ef.
808 3648 956 3701 Oros.
992 3648 1111 3700 VII
1135 3651 1187 3711 7,
1209 3651 1245 3698 8
1409 3650 1475 3696 22
1514 3644 1582 3709 cf.
1624 3646 1860 3712 Eutrop.
1895 3645 2016 3697 VII
2037 3648 2123 3708 14,
2145 3647 2179 3696 3
2222 3643 2370 3697 Oros,
2404 3644 2525 3696 VII
2549 3649 2598 3709 7,
2620 3648 2655 3696 9

591 3822 617 3869 1
660 3819 828 3883 atque
866 3815 1080 3883 rapinis
1123 3815 1173 3868 G
1336 3819 1368 3865 4
1408 3813 1542 3884 (εἰ)
1582 3814 1679 3880 qui
1718 3813 1950 3880 Lipsius
1987 3813 2168 3866 delens
2205 3812 2274 3878 ei,
2314 3811 2415 3883 <et
2450 3815 2515 3865 ut
2552 3812 2743 3865 liberti
2788 3811 2792 3816 ’

447 3897 828 3967 haberentur>
859 3897 956 3964 qui
997 3895 1233 3964 Madve'y
1387 3900 1417 3946 ὃ
1456 3895 1605 3946 esset
1641 3909 1752 3960 quo
1790 3892 2028 3945 fuissent
2065 3893 2316 3958 Ursinus,
2353 3892 2594 3945 fuissent
2631 3910 2740 3960 quo

449 3980 635 4031 essent
666 3977 896 4032 Casaub.
1008 3975 1247 4028 fuissent
1274 3975 1374 4028 del.
1412 3975 1475 4028 G.
1491 3974 1699 4027 Becker
1727 3977 1916 4040 (totum
1951 3974 2124 4026 locum
2152 3974 2231 4026 sic
2256 3974 2436 4027 reddit
2462 3974 2550 4025 N:
2583 3972 2743 4024 bonis

449 4058 546 4125 qui
593 4073 658 4109 eo
705 4055 928 4109 nomine
978 4055 1217 4108 fuissent
1263 4072 1373 4122 quo
1416 4053 1629 4107 familie
1675 4069 1813 4120 quas
1856 4052 1978 4121 ipse
2022 4052 2372 4122 contingeret
2414 4052 2648 4105 dextans
2692 4053 2745 4105 ei

450 4138 760 4206 cogeretur)
878 4135 1053 4206 ullae]
1091 4135 1224 4187 illae
1264 4139 1360 4203 (-e)
1390 4139 1448 4186 X
1478 4137 1557 4202 (at
1593 4135 1656 4186 in
1686 4135 1737 4186 L
1767 4133 1787 4186 i
1821 4149 1955 4186 corr.
1996 4150 2061 4186 ex
2097 4135 2155 4202 u>
2276 4138 2303 4185 7
2346 4132 2584 4185 studiosi
2627 4133 2746 4202 ΩΒ,

448 4218 589 4269 -sius
629 4220 689 4269 H
829 4216 966 4269 iuris
1009 4217 1094 4281 M,
1132 4215 1268 4268 uiris
1313 4216 1508 4269 notaui
1551 4233 1618 4268 ex
1670 4213 1950 4278 GHPST,
1997 4219 2284 4280 utrumque
2333 4214 2436 4281 leyi
2472 4220 2649 4281 potest
2686 4216 2747 4265 in

448 4298 610 4367 LQR
723 4302 786 4350 10
817 4297 986 4366 quae]
1016 4312 1156 4363 quas
1186 4296 1414 4363 Bentley
1559 4295 1616 4347 in
1648 4292 2048 4347 certaminibus
2077 4290 2338 4349 ciuitates
2375 4295 2422 4344 Τ
2531 4297 2593 4344 13
2623 4309 2749 4360 per-

450 4378 588 4430 culit
616 4379 885 4431 Budaeus
1058 4381 1123 4428 14
1163 4373 1615 4428 animaduersum
1645 4378 1702 4425 X
1860 4378 1924 4424 19
1964 4372 2267 4440 compluris
2301 4372 2424 4424 MG
2583 4378 2650 4424 20
2689 4372 2748 4424 in

450 4458 535 4511 ius
564 4463 632 4525 X,
662 4459 722 4511 in
748 4459 838 4511 his
873 4457 1033 4525 GHQ
1140 4457 1404 4508 decorum
1436 4458 1508 4508 M
1530 4456 1670 4522 (item
1705 4456 1736 4507 l.
1757 4458 1849 4517 241»
1988 4458 2054 4504 23
2095 4455 2156 4504 at
2184 4455 2333 4504 certe
2358 4452 2425 4504 N
2529 4457 2593 4503 26
2633 4468 2744 4505 om·

357 4570 362 4575 ⁴
452 4540 606 4591 nium
641 4540 691 4594 G
838 4544 903 4590 28
945 4537 1152 4590 desisse
1192 4553 1290 4589 om.
1328 4535 1394 4601 G,
1425 4542 1551 4602 post
1586 4534 1839 4586 homines
1877 4534 2055 4587 oollae.
2095 4536 2152 4599 Τ,
2192 4532 2396 4584 dixisse
2434 4533 2480 4584 T
