3325 5209
626 411 755 476 308
1330 412 1388 466 C.
1426 411 1741 467 SVETONI
1777 413 2223 479 TRANQVILLI

553 595 583 641 2
801 575 1075 660 Sumpta
1102 551 1277 639 uirili
1305 580 1461 662 toga
1487 555 1694 640 latum
1723 554 1997 660 clauum,
2036 599 2404 671 quanquam
2434 561 2633 640 fratre
2663 576 2918 659 adepte,

625 659 732 746 diu
788 687 1117 746 auersatus
1164 687 1287 766 est,
1341 704 1461 747 nec
1514 688 1589 747 ut
1642 684 1900 748 tandem
1959 687 2294 776 appeteret
2350 682 2654 767 compelli
2706 681 2835 746 nisi
2881 705 2919 746 a

622 793 826 854 matre
879 764 1113 875 potuit.
1205 812 1278 879 ea
1332 790 1584 880 demum
1633 790 1885 855 extudit
1934 792 2140 876 magis
2190 789 2486 855 conuicio
2536 811 2727 873 quam
2774 810 2916 872 pre·

622 896 803 960 cibus
858 895 962 960 uel
1018 874 1426 980 auctoritate,
1488 897 1641 961 dum
1696 919 1841 961 eum
1897 896 2243 960 identidem
2304 919 2417 979 per
2463 895 2915 960 contumeliam

620 1001 1179 1087 anteambulonem
1225 1002 1442 1092 fratris
1490 1003 1790 1095 appellat.
2974 1027 3001 1067 5

548 1131 580 1177 3
796 1109 1217 1174 Tribunatum
1267 1088 1548 1174 militum
1597 1111 1664 1174 in
1711 1109 1985 1174 Thracia
2021 1110 2280 1193 meruit3
2328 1113 2631 1193 quaestor
2660 1106 2913 1173 Cretam

619 1222 682 1281 et
738 1213 1016 1299 Cyrenas
1071 1217 1476 1301 prouinciam
1532 1221 1704 1281 sorte
1761 1218 1957 1301 cepit3
2021 1216 2369 1282 aedilitatis
2417 1238 2490 1280 ac
2539 1239 2689 1280 mox
2735 1239 2914 1300 prae-

617 1326 798 1387 turae
846 1323 1234 1409 candidatus,
1295 1323 1475 1387 illam
1529 1345 1659 1387 non
1721 1324 1856 1388 sine
1902 1324 2158 1408 repulsa
2204 1327 2513 1407 sextoque
2559 1323 2669 1386 uix
2727 1322 2914 1405 adep·

615 1434 720 1494 tus
769 1435 864 1494 est
908 1431 1081 1513 loc0,
1143 1429 1476 1513 <h>a<n>c
1529 1430 1741 1514 prima
1787 1432 2003 1494 statim
2064 1430 2378 1514 petitione
2426 1433 2490 1493 et
2544 1429 2614 1493 in
2667 1417 2911 1513 primis,

614 1540 873 1620 praetor
925 1535 1247 1599 infensum
1297 1537 1545 1601 senatui
1593 1536 1826 1601 Gaium
1874 1559 1955 1601 ne
2003 1559 2129 1620 quo
2176 1559 2310 1601 non
2355 1558 2589 1622 genere
2636 1536 2913 1599 demere·
2942 1562 2997 1600 ιο

614 1646 816 1727 retur,
868 1642 1056 1707 ludos
1113 1643 1648 1733 extraordinarios
1704 1666 1821 1728 pro
1878 1645 2151 1708 uictoria
2198 1644 2334 1707 eius
2383 1642 2762 1707 Germanica
2810 1642 2912 1707 de-

613 1751 910 1841 poposcit
954 1771 1324 1835 poenaeque
1374 1751 1853 1815 coniuratorum
1901 1749 2263 1815 addendum
2315 1750 2582 1833 censuit,
2629 1753 2702 1813 ut
2748 1750 2909 1814 inse-

612 1854 780 1938 pulti
824 1858 1278 1940 proicerentur.
1372 1857 1507 1942 egit
1544 1861 1608 1920 et
1644 1858 1887 1943 gratias
1925 1857 1984 1920 ei
2023 1857 2191 1941 apud
2232 1856 2703 1941 amplissimum
2745 1856 2909 1920 ordi-

611 1983 777 2046 nem,
825 1963 997 2046 quod
1045 1983 1112 2027 se
1155 1962 1399 2027 honore
1447 1985 1638 2027 cenae
1687 1964 1988 2049 dignatus
2039 1967 2221 2027 esset.

520 2069 562 2135 3
722 2147 729 2153 ·
787 2067 964 2133 Inter
1007 2069 1166 2134 haec
1203 2069 1492 2134 Flauiam
1533 2069 1940 2134 Domitillam
1980 2071 2166 2134 duxit
2204 2090 2491 2154 uxorem,
2540 2068 2758 2133 Statili
2798 2068 2906 2133 Ca·
2939 2093 2990 2133 15

609 2176 815 2260 pellae
869 2175 1104 2259 equitis
1160 2175 1236 2239 R.
1285 2176 1687 2264 Sabratensis
1747 2198 1823 2240 ex
1870 2176 2094 2241 Africa
2142 2176 2482 2240 delicatam
2535 2176 2689 2241 olim
2738 2177 2909 2241 Lati-

609 2305 854 2367 naeque
902 2283 1321 2367 condicioniS,
1387 2284 1497 2347 sed
1553 2305 1706 2347 mox
1761 2285 2107 2368 ingenuam
2155 2288 2218 2346 et
2265 2283 2473 2346 ciuem
2522 2283 2706 2347 Rom.
2755 2285 2907 2348 reci-

607 2390 928 2475 peratorio
990 2389 1228 2454 iudicio
1284 2390 1791 2474 pronuntiatam,
1850 2394 2034 2475 patre
2080 2394 2401 2454 asserente
2448 2389 2676 2455 Flauio
2722 2390 2909 2456 Libe-

607 2496 739 2560 rale
785 2495 1043 2562 Ferenti
1097 2498 1317 2583 genito
1373 2517 1491 2560 nec
1546 2497 1890 2580 quicquam
1948 2497 2225 2581 amplius
2288 2518 2481 2579 quam
2538 2499 2904 2580 quaestorio

610 2602 834 2666 scriba.
927 2625 1005 2666 ex
1050 2602 1170 2666 hac
1213 2602 1454 2668 liberos
1499 2602 1653 2666 tulit
1700 2603 1919 2667 Titum
1965 2607 2029 2666 et
2074 2602 2523 2667 Domitianum
2570 2606 2635 2667 et
2682 2601 2906 2667 Domi·
2933 2629 2987 2670 20

607 2709 829 2773 tillam.
922 2709 1108 2795 uxori
1166 2712 1242 2773 ac‘
1290 2709 1461 2773 filiae
1517 2714 1837 2794 superstes
1894 2710 2022 2774 fuit
2068 2713 2262 2794 atque
2310 2714 2650 2793 utramque
2697 2710 2905 2775 adhuc

607 2814 899 2898 priuatus
955 2814 1186 2880 amisit.
1287 2820 1437 2901 post
1491 2816 1713 2880 uxoris
1769 2838 2098 2880 excessum
2156 2814 2517 2900 Caenidem,
2581 2815 2904 2882 Antoniae

604 2920 904 2985 libertam
944 2926 1007 2986 et
1045 2944 1083 2985 a
1117 2946 1329 3007 manu,
1368 2922 1668 2986 dilectam
1708 2924 2031 3006 quondam
2069 2922 2196 2986 sibi
2224 2922 2557 2987 reuocauit
2585 2925 2654 2987 in
2684 2928 2903 2988 contu-

604 3026 901 3091 bernium
949 3027 1304 3112 habuitque
1352 3030 1545 3094 etiam
1593 3030 1946 3114 imperator
1989 3050 2192 3112 paene
2238 3029 2445 3094 iustae
2482 3031 2701 3094 uxoris
2739 3029 2902 3094 loco,

496 3133 542 3200 4
786 3131 1051 3199 Claudio
1098 3136 1388 3221 principe
1433 3135 1719 3200 Narcissi
1771 3135 1979 3221 gratia
2023 3136 2275 3220 legatus
2322 3137 2598 3222 legionis
2644 3137 2714 3201 in
2754 3135 2901 3200 Ger·
2931 3163 2983 3204 25

750 3342 831 3390 15.
864 3343 931 3389 20
970 3339 1124 3406 Epit.
1153 3328 1245 3403 10,
1266 3343 1297 3391 1
1327 3337 1487 3391 Titus
1519 3379 1530 3391 .
1554 3379 1566 3391 .
1590 3379 1601 3391 .
1630 3339 1812 3392 matre
1840 3337 2045 3391 liberta
2073 3336 2372 3390 Domitilla
2401 3338 2628 3392 nomine
2657 3339 2898 3409 genitus.

605 3422 690 3481 11,
710 3423 741 3470 1
799 3416 1155 3471 Domitianus
1192 3416 1527 3486 Vespasiani
1581 3421 1638 3471 et
1683 3416 2011 3471 Domitillae
2069 3417 2307 3470 libertae
2363 3417 2542 3485 filius,
2598 3435 2899 3489 germanus

604 3495 735 3549 Titi.
882 3503 949 3549 25
988 3499 1224 3565 Eutrop.
1257 3500 1382 3552 VII
1400 3503 1542 3564 19,1
1580 3500 1647 3550 ut
1675 3499 1773 3566 qui
1803 3515 1837 3551 a
1866 3496 2101 3552 Claudio
2131 3496 2190 3549 in
2220 3496 2582 3552 Germaniam
2611 3501 2669 3553 et
2698 3499 2897 3552 deinde

603 3575 662 3629 in
699 3576 1052 3630 Britanniam
1087 3578 1290 3630 missus
1328 3576 1517 3632 tricies
1556 3580 1614 3632 et
1649 3578 1738 3631 bis
1779 3596 1906 3632 cum
1937 3578 2097 3632 hoste
2128 3577 2454 3645 conflixerit,
2496 3578 2635 3632 duas
2663 3579 2899 3632 ualidis-

604 3657 773 3710 simas
818 3657 1040 3726 gentes,
1094 3658 1304 3727 uiginti
1358 3658 1593 3727 oppida,
1648 3658 1893 3712 insulam
1929 3658 2166 3712 Vectam
2211 3658 2540 3712 Britanniae
2584 3659 2899 3727 proximam

600 3737 838 3805 imperio
875 3737 1128 3791 Romano
1168 3738 1452 3792 adiecerit.

743 3921 775 3967 3
815 3916 1016 3969 extulit
1048 3916 1251 3986 GQST
1425 3923 1455 3970 5
1496 3916 1824 3986 appellabat
1857 3916 1902 3986 Q
2082 3922 2112 3970 6
2152 3916 2432 3970 Tribunus
2480 3918 2632 3971 Torr.
2671 3923 2721 3972 et
2756 3919 2836 3972 sic
2871 3936 2898 3972 e

600 3997 753 4051 codd.
776 3994 854 4064 (ἓ)
895 3997 1054 4062 affert
1085 3996 1427 4063 Glareanus;
1464 3998 1534 4064 cf.
1565 3998 1674 4051 Iul.
1698 4000 1733 4051 5
1769 3998 1873 4051 Tit.
1894 4002 1928 4049 4
2073 4002 2105 4050 8
2144 3997 2305 4051 illam
2341 3998 2492 4050 Torr.
2524 3996 2895 4064 (aedilitatem

592 4079 914 4145 praeinerat
955 4077 1304 4145 Glareanus),
1357 4076 1528 4130 etiam
1565 4081 1633 4143 Ω,
1673 4092 1799 4131 eam
1836 4078 2088 4147 Piyhius,
2128 4077 2226 4131 sed
2264 4092 2388 4130 eam
2426 4078 2516 4130 nel
2553 4078 2612 4129 et
2648 4093 2773 4131 eam
2810 4079 2897 4131 uel

599 4160 657 4210 et
692 4156 853 4211 illam
890 4158 995 4211 alii
1111 4162 1141 4208 9
1181 4172 1239 4210 es
1272 4157 1346 4209 M
1465 4157 1589 4210 loco
1618 4164 1749 4226 post
1784 4158 2052 4225 sextoque
2079 4157 2331 4211 exhibent
2356 4160 2404 4209 Τ
2428 4158 2622 4228 (nuly.)
2750 4156 2896 4210 hanc

599 4238 831 4306 Bentley
867 4237 1127 4306 (Duker),
1175 4253 1240 4290 ac
1278 4240 1355 4303 Ω,
1403 4240 1463 4290 at
1504 4239 1843 4303 Glareanus,
1892 4237 1953 4289 at
1988 4237 2134 4290 hanc
2177 4237 2317 4292 Ond.
2466 4242 2533 4290 10
2570 4239 2697 4306 pter
2738 4237 2789 4291 G

597 4317 878 4370 infensum
915 4316 1173 4384 Lipsiae,
1227 4315 1477 4370 infensus
1519 4316 1809 4383 MXIPR,
1863 4316 2111 4370 infensos
2164 4316 2356 4388 &11²9
2468 4376 2472 4381 ,
2518 4322 2586 4371 14
2638 4318 2725 4370 est
2760 4317 2896 4388 11¹9

601 4401 665 4449 16
705 4394 1050 4450 sabracensis
1089 4397 1218 4462 LT,
1266 4397 1515 4450 scabrat-
1555 4397 1698 4463 P¹S,
1745 4396 1956 4450 sabiat-
1993 4398 2101 4467 HQ
2261 4397 2565 4451 delicatam
2605 4398 2717 4464 M1,
2757 4397 2895 4450 deli-

596 4476 790 4543 gatam
821 4476 895 4528 M
897 4473 1039 4543 2ΙῼΤ,
1078 4476 1400 4546 delegatam
1432 4477 1634 4531 GYPS
1767 4482 1833 4530 18
1860 4475 2096 4531 liberale
2127 4477 2342 4531 ferente
2376 4478 2427 4532 G
2566 4481 2631 4529 23
2661 4478 2893 4531 missam

586 4561 715 4623 post
749 4570 920 4607 manu
957 4557 1085 4610 add.
1121 4557 1188 4623 G,
1224 4557 1453 4610 missam
1484 4574 1590 4625 pro
1626 4558 1806 4628 ylossa
1843 4558 2019 4612 adscr.
2048 4577 2073 4611 ε
