3325 5209
1068 372 1285 426 DIVVS
1322 371 1706 426 AVGVSTVS
1744 383 1877 432 [ou.
1907 384 2084 433 45—49]
2641 372 2722 436 81

428 538 612 620 plebe
651 536 944 622 regiones
983 535 1110 599 sibi
1148 536 1454 600 reuisenti
1492 535 1662 598 filios
1700 537 1950 599 filiasue
1984 535 2434 619 approbarent,
2472 536 2728 620 singula

427 664 834 707 nummorum
882 643 1064 706 milia
1108 663 1226 726 pro
1277 643 1549 727 singulis
1597 642 1942 706 diuidebat.

605 749 981 814 Prouincias
1036 749 1381 813 ualidiores
1437 753 1501 812 et
1560 770 1718 833 quas
1775 750 2004 813 annuis
2060 751 2555 834 magistratuum
2613 744 2830 811 ina-47

427 858 622 939 periis
678 857 816 942 regi
869 877 986 920 nec
1040 856 1230 921 facile
1285 877 1403 919 nec
1448 858 1662 920 tutum
1712 859 1875 940 erat,
1931 857 2069 940 ipse
2117 857 2429 940 suscepit,
2486 859 2725 920 ceteras

373 990 398 1029 5
426 962 925 1047 proconsulibus
983 964 1213 1027 sortito
1274 963 1595 1047 permisit3
1656 967 1723 1025 et
1776 967 1995 1026 tamen
2048 962 2391 1026 nonnullas
2448 984 2728 1026 commu-

426 1070 594 1133 tauit
658 1068 980 1133 interdum
1045 1073 1238 1153 atque
1303 1090 1381 1133 ex
1445 1073 1723 1153 utroque
1785 1090 2018 1155 genere
2074 1069 2412 1153 plerasque
2474 1070 2728 1152 saepius

426 1175 601 1239 adiit.
693 1175 953 1238 urbium
1010 1176 1343 1259 quasdam,
1404 1175 1761 1240 foederatas
1824 1176 1935 1240 sed
1995 1176 2075 1240 ad
2137 1177 2405 1239 exitium
2464 1176 2728 1240 licentia

426 1283 827 1365 praecipites,
873 1282 1170 1348 libertate
1217 1284 1520 1367 priuauit,
1568 1284 1725 1347 alias
1774 1287 1885 1346 aut
1933 1305 2074 1347 aere
2122 1284 2330 1347 alieno
2371 1283 2727 1347 laborantis

426 1389 672 1452 leuauit
730 1392 840 1452 aut
901 1393 1106 1456 terrae
1170 1394 1354 1453 motu
1415 1390 1754 1453 subuersas
1816 1389 2024 1453 denuo
2090 1390 2378 1454 condidit
2433 1392 2545 1453 aut
2600 1411 2727 1452 me-

347 1522 400 1561 10
429 1495 553 1558 rita
606 1516 760 1580 erga
814 1498 1128 1580 populum
1184 1495 1260 1559 R.
1310 1496 1680 1582 adlegantes
1735 1496 2088 1560 Latinitate
2143 1498 2249 1560 uel
2305 1496 2567 1560 ciuitate
2622 1495 2727 1559 do-

427 1601 624 1666 nauit.
717 1623 833 1665 nec
898 1607 1021 1685 est,
1094 1607 1167 1666 ut
1233 1603 1490 1686 opinor,
1561 1604 1928 1687 prouincia,
2000 1608 2267 1687 excepta
2331 1602 2483 1666 dum
2550 1606 2728 1667 taxat

427 1706 649 1772 Africa
713 1712 776 1772 et
833 1707 1153 1790 Sardinia,
1219 1731 1412 1792 quam
1470 1731 1603 1773 non
1669 1709 1911 1774 adierit.
2005 1711 2076 1774 in
2127 1710 2244 1774 has
2299 1711 2525 1796 fugato
2585 1708 2727 1774 Sex.

428 1813 737 1899 Pompeio
801 1816 1066 1879 traicere
1127 1839 1206 1879 ex
1259 1815 1480 1879 Sicilia
1534 1819 1950 1899 apparantem
2008 1817 2348 1881 continuae
2395 1820 2460 1880 et
2504 1817 2727 1880 immo-

430 1922 604 1985 dicae
669 1925 1085 2006 tempestates
1152 1923 1570 1987 inhibuerunt
1643 1945 1761 1987 nec
1826 1944 1978 1985 mox
2045 1923 2298 1988 occasio
2365 1927 2477 1987 aut
2540 1945 2729 2001 causa

304 2111 311 2118 ·
350 2054 400 2094 ιε
429 2029 763 2093 traiciendi
810 2029 953 2094 fuit.
2841 2099 2844 2102 A

604 2133 976 2220 Regnorum
1035 2136 1271 2220 quibus
1328 2135 1483 2199 belli
1539 2137 1677 2199 iure
1732 2135 1980 2219 potitus
2027 2140 2149 2218 est,
2206 2139 2460 2219 praeter
2505 2130 2824 2219 pauca,48

428 2245 538 2303 aut
598 2241 799 2305 isdem
860 2242 1096 2326 quibus
1158 2243 1483 2307 ademerat
1542 2242 1821 2305 reddidit
1881 2246 1995 2305 aut
2060 2242 2436 2326 alienigenis
2497 2242 2728 2305 contri-

426 2347 582 2411 buit.
667 2371 850 2435 reges
908 2351 1115 2415 socios
1171 2351 1364 2414 etiam
1425 2351 1594 2413 inter
1655 2354 1858 2413 semet
1908 2350 2086 2432 ipsos
2145 2349 2727 2412 necessitudinibus

427 2455 670 2517 mutuis
717 2456 952 2537 iunxit,
1006 2456 1528 2541 promptissimus
1575 2455 1913 2519 affinitatis
1962 2456 2276 2538 cuiusque
2332 2460 2526 2538 atque
2573 2456 2727 2518 ami-

349 2589 400 2627 20
429 2561 616 2624 citiae
662 2563 1039 2626 conciliator
1086 2567 1149 2626 et
1193 2564 1436 2647 fautor3
1496 2584 1613 2627 nec
1672 2564 1857 2626 aliter
1906 2563 2246 2626 uniuersos
2294 2584 2484 2646 quam
2533 2583 2727 2625 mem-

427 2667 543 2730 bra
589 2669 916 2751 partisque
964 2669 1215 2751 imperii
1273 2691 1459 2733 curae
1504 2669 1763 2753 habuit,
1819 2674 2136 2734 rectorem
2193 2691 2448 2753 quoque
2497 2669 2727 2733 solitus

429 2796 751 2857 apponere
810 2778 1020 2838 aetate
1076 2777 1296 2857 paruis
1342 2781 1456 2839 aut
1501 2781 1716 2841 mente
1762 2777 1961 2861 lapsis
1972 2828 1989 2860 ,
2039 2777 2242 2841 donec
2290 2776 2729 2841 adolescerent

431 2884 542 2942 aut
600 2880 1074 2965 resipiscerent3
1134 2903 1205 2945 ac
1266 2884 1693 2967 plurimorum
1752 2884 1989 2948 liberos
2052 2888 2115 2948 et
2180 2884 2478 2947 educauit
2535 2881 2727 2947 simul

432 3006 574 3048 cum
625 2987 757 3049 suis
804 2991 869 3050 et
915 2988 1212 3051 instituit.

351 3119 402 3158 25
609 3092 708 3157 Ex
773 3092 1163 3157 militaribus
1227 3095 1428 3178 copiis
1489 3095 1773 3181 legiones
1837 3100 1900 3159 et
1972 3096 2211 3159 auxilia
2271 3096 2726 3181 prouinciatim
2740 3088 2834 3154 49

432 3198 788 3282 distribuit,
849 3200 1115 3263 classem
1175 3200 1407 3264 Miseni
1468 3203 1532 3263 et
1597 3201 1865 3263 alteram
1921 3200 2267 3264 Rauennae
2323 3203 2402 3266 ad
2456 3193 2761 3266 tutelam'

431 3304 663 3390 Superi
708 3310 772 3371 et
817 3304 1018 3370 Inferi
1071 3307 1268 3372 maris
1325 3307 1714 3390 conlocauit,
1772 3311 2054 3371 ceterum
2099 3329 2444 3371 numerum
2489 3308 2729 3391 partim

429 3412 499 3477 in
544 3412 725 3478 urbis
778 3413 1016 3497 partim
1074 3414 1144 3478 in
1198 3415 1299 3479 sui
1353 3415 1714 3478 custodiam
1768 3413 2010 3501 adlegit
2057 3412 2320 3478 dimissa
2369 3413 2729 3501 Calagurri-

430 3525 729 3584 tanorum
787 3542 1006 3605 manu,
1072 3543 1261 3604 quam
1329 3543 1530 3605 usque
1596 3522 1678 3585 ad
1743 3521 2067 3585 deuictum
2122 3520 2507 3604 Antonium,
2572 3521 2728 3585 item

352 3652 404 3691 so
434 3624 915 3710 Germanorum,
953 3650 1146 3710 quam
1185 3649 1388 3712 usque
1426 3629 1505 3691 ad
1534 3628 1774 3693 cladem
1805 3628 2153 3692 Varianam
2181 3628 2351 3692 inter
2379 3627 2730 3714 armigeros

434 3733 601 3796 circa
646 3755 714 3797 se
769 3733 1097 3798 habuerat.
1188 3757 1396 3819 neque
1444 3740 1660 3799 tamen
1715 3757 2020 3819 umquam
2077 3735 2294 3821 plures
2351 3757 2544 3817 quam
2598 3738 2729 3798 tres

579 4020 606 4067 1
647 4013 755 4067 sibi
793 4030 894 4067 om.
937 4015 990 4068 V
1129 4021 1157 4068 7
1195 4015 1361 4069 urbes
1395 4015 1444 4070 G
1592 4021 1622 4068 8
1653 4015 1797 4070 alias
1827 4016 1962 4085 (alia
1992 4017 2062 4086 V)
2101 4019 2201 4070 aut
2220 4017 2521 4070 —leuauit
2547 4033 2648 4070 om.
2686 4020 2733 4069 'I‘

434 4099 464 4146 9
505 4095 625 4164 aut]
666 4096 725 4147 at
766 4098 815 4147 Τ
1040 4100 1105 4147 10
1142 4094 1379 4149 lenitate
1421 4096 1471 4150 G
1705 4101 1772 4149 12
1810 4095 2035 4166 fugatos
2084 4113 2152 4150 ex
2200 4100 2275 4151 M
2284 4098 2334 4151 G
2348 4096 2535 4166 VL1Q
2571 4098 2725 4166 (corr.

434 4174 551 4243 L³),
588 4174 787 4243 fugato
826 4176 958 4243 (-tos
996 4175 1081 4242 81)
1121 4178 1275 4228 sexto
1314 4178 1372 4228 H
1383 4176 1617 4231 RPST
1648 4178 1728 4244 (at
1763 4176 1826 4229 in
1865 4178 1920 4229 P
1953 4178 2110 4230 sexto
2149 4178 2211 4230 in
2246 4179 2379 4245 raa.)
2528 4183 2591 4230 13
2632 4193 2729 4245 ap-

433 4256 724 4322 parentem
765 4256 841 4308 M
845 4255 989 4308 P1T
1125 4255 1380 4309 modicae
1428 4256 1480 4308 V
1621 4261 1686 4310 15
1729 4255 2045 4310 traicienda
2087 4255 2136 4310 G
2284 4261 2349 4310 16
2387 4257 2587 4326 Regna
2624 4258 2691 4311 N
2696 4275 2728 4315 ς

435 4335 625 4404 (uuly.)
772 4336 858 4387 est
894 4351 993 4388 om.
1027 4335 1101 4387 M
1243 4341 1308 4388 17
1347 4336 1626 4405 isquidem
1668 4339 1743 4390 Μ
1746 4337 1763 4366 ¹
1801 4337 1919 4405 (qui
1958 4339 2135 4403 eras),
2174 4336 2395 4391 hisdem
2436 4338 2488 4391 G
2632 4337 2730 4390 ad-

434 4417 684 4467 emerant
706 4416 782 4468 M
920 4417 1020 4472 aut
1039 4415 1265 4487 <haut>
1288 4418 1464 4470 Polak
1609 4433 1704 4470 cor
1739 4416 1943 4470 tribuit
1966 4419 2040 4471 M
2180 4423 2245 4470 21
2275 4421 2577 4485 partesque
2602 4418 2652 4471 G
2669 4421 2730 4483 T,

432 4496 763 4562 partemque
802 4497 860 4546 X
863 4496 926 4548 N
1066 4501 1133 4548 27
1174 4499 1386 4549 certum
1424 4496 1543 4551 edd.
1585 4497 1742 4551 Rom.
1791 4497 1921 4551 Ven.
1962 4498 2005 4550 I
2033 4498 2229 4569 (παῖς.)
2376 4503 2442 4550 28
2482 4514 2640 4550 suam
2678 4502 2736 4549 X

542 4592 811 4633 Suromvs
839 4594 907 4635 ed.
936 4595 1070 4634 Ihm.
1125 4597 1162 4634 Ι.
2272 4592 2301 4638 6
