3325 5209
0 4249 11 4792 ‘ffl-——ssW-**.*
0 4123 5 4184 (f
0 4073 1 4092 A

500 3680 595 3746 44

607 432 690 496 78
1114 452 1120 457 ·
1305 431 1361 486 G.
1401 430 1718 486 SVETONI
1753 430 2200 497 TRANQVILLI

532 611 566 659 2
605 598 786 659 esset.
879 595 953 659 in'
994 594 1164 659 circo
1226 595 1482 681 aurigas
1544 615 1964 678 cursoresque
2023 598 2088 659 et
2148 594 2543 659 confectores
2600 593 2902 677 ferarum,

605 705 670 766 et
714 723 1199 783 nonnumquam
1258 723 1336 765 ex
1389 701 1794 766 nobilissima
1847 701 2210 784 iuuentute,
2265 699 2588 784 produxit.
2680 700 2791 765 sed
2838 704 2902 764 et

603 808 833 873 Troiae
904 809 1119 872 lusum
1197 808 1397 873 edidit
1468 808 1986 892 frequentissime
2060 808 2376 872 maiorum
2451 807 2902 890 minorumque

604 937 978 998 puerorum,
1044 915 1243 998 prisci
1303 915 1644 998 decorique
1709 915 1907 979 moris
1975 914 2351 979 existimans
2411 914 2620 980 clarae
2681 914 2899 997 stirpis

603 1021 886 1085 indolem
943 1022 1036 1086 sic
1087 1025 1435 1087 notescere.
1528 1003 1597 1086 in
1650 1021 1779 1086 hoc
1830 1021 2077 1085 ludicro
2131 1020 2422 1087 Nonium
2476 1020 2900 1105 Asprenatem
2957 1048 2984 1089 ε

603 1127 788 1211 lapsu
836 1126 1242 1192 debilitatum
1298 1151 1492 1195 aureo
1547 1133 1778 1212 torque
1824 1128 2093 1195 donauit
2136 1148 2497 1212 passusque
2544 1132 2643 1192 est
2688 1128 2901 1211 ipsum

603 1238 1023 1318 posterosque
1069 1234 1384 1318 Torquati
1429 1237 1597 1301 ferre
1646 1257 2020 1321 cognomen.
2111 1258 2265 1300 mox
2310 1235 2706 1319 finem—fecit
2745 1234 2903 1298 talia

603 1341 830 1405 edendi
885 1339 1113 1405 Asinio
1169 1341 1461 1408 Pollione
1518 1347 1772 1407 oratore
1827 1343 2115 1429 grauiter
2167 1341 2617 1425 inuidioseque
2671 1343 2739 1405 in
2796 1364 2903 1406 cu·

602 1449 700 1511 ria
747 1451 975 1529 questo
1022 1447 1447 1532 A<e>sernini
1500 1450 1756 1533 nepotis
1814 1450 1915 1513 sui
1972 1470 2219 1532 casum,
2277 1449 2390 1531 qui
2446 1452 2511 1513 et
2564 1448 2702 1532 ipse
2756 1469 2899 1512 crus

602 1554 896 1639 fregerat.
2930 1581 2983 1622 ιο

782 1658 883 1723 Ad
934 1662 1254 1726 scaenicas
1302 1683 1566 1745 quoque
1612 1665 1678 1725 et
1723 1661 2136 1747 gladiatorias
2184 1683 2412 1745 operas
2460 1664 2525 1724 et
2571 1661 2899 1742 equitibus

603 1765 914 1831 Romanis
961 1768 1309 1851 aliquando
1356 1791 1514 1832 usus
1562 1772 1676 1850 est,
1721 1790 1948 1832 uerum
1993 1767 2176 1851 prius
2218 1790 2408 1850 quam
2450 1771 2707 1831 senatus
2755 1790 2902 1832 con-

606 1875 775 1937 sulto
836 1874 1338 1939 interdiceretur.
1437 1879 1662 1958 postea
1729 1875 1896 1938 nihil
1958 1895 2109 1938 sane
2176 1878 2624 1958 praeterquam
2691 1873 2901 1937 adule-

491 2039 496 2043 .
604 1981 964 2046 scentulum
1010 1982 1280 2066 Lycium
1325 1981 1593 2046 honeste
1639 1986 1863 2045 natum
1909 1981 2229 2063 exhibuit,
2274 1984 2525 2044 tantum
2575 1984 2648 2044 ut
2694 1984 2900 2044 osten-

605 2087 806 2172 deret,
867 2089 1039 2172 quod
1100 2092 1237 2153 erat
1296 2088 1579 2173 bipedali
1637 2089 1874 2170 minor,
1943 2088 2251 2152 librarum
2315 2086 2768 2170 septemdecim
2829 2108 2902 2151 ac
2932 2114 2983 2156 ιε

605 2195 783 2259 uocis
832 2195 1196 2260 immensae.
1293 2197 1571 2278 quodam
1620 2198 1835 2259 autem
1878 2193 2160 2257 muneris
2210 2192 2311 2255 die
2356 2191 2745 2256 Parthorum
2793 2193 2901 2256 ob-

606 2302 771 2366 sides
826 2306 982 2366 tunc
1035 2303 1320 2386 primum
1379 2301 1612 2365 missos
1672 2324 1790 2384 per
1842 2300 2118 2363 mediam
2171 2298 2478 2362 harenam
2536 2298 2615 2361 ad
2662 2302 2903 2381 specta-

605 2410 819 2473 culum
867 2409 1123 2473 induxit
1169 2428 1488 2491 superque
1535 2429 1600 2470 se
1644 2406 1948 2470 subsellio
1990 2405 2267 2470 secundo
2308 2404 2666 2469 collocauit.
2743 2405 2901 2468 sole-

605 2514 718 2579 bat
754 2515 950 2578 etiam
989 2516 1148 2578 citra
1186 2514 1699 2598 spectaculorum
1740 2513 1895 2597 dies,
1933 2514 1988 2575 si
2020 2513 2274 2595 quando
2307 2512 2461 2595 quid
2498 2511 2900 2575 inuisitatum

605 2622 1002 2705 dignumque
1063 2621 1328 2706 cognitu
1390 2621 1726 2684 aduectum
1784 2623 1976 2702 esset,
2037 2618 2104 2682 id
2163 2623 2344 2682 extra
2400 2618 2687 2682 ordinem
2746 2641 2903 2700 quo·
2932 2648 2985 2688 20

605 2727 763 2792 libet
808 2726 950 2791 loco
997 2727 1357 2811 publicare,
1408 2729 1497 2791 ut'
1528 2726 2000 2791 rhinocerotem
2047 2726 2216 2810 apud
2266 2723 2519 2809 Saepta,
2545 2726 2788 2811 'tigrim
2836 2727 2902 2788 in

608 2855 853 2917 scaena,
900 2855 1174 2921 anguem
1227 2834 1701 2920 quinquaginta
1747 2834 2113 2899 cubitorum
2158 2854 2277 2916 pro
2326 2832 2609 2896 comitio.

785 2939 1041 3006 Accidit
1076 2941 1319 3005 uotiuis
1358 2941 1768 3025 circensibus,
1803 2943 1878 3003 ut
1915 2943 2248 3023 correptus
2285 2939 2641 3003 ualitudine
2676 2938 2903 3002 lectica

607 3049 846 3111 cubans
902 3052 1114 3112 tensas
1171 3048 1536 3126 deduceret3
1601 3068 1826 3111 rursus
1883 3047 2330 3111 commissione
2385 3045 2713 3128 ludorum,
2766 3046 2903 3127 qui-

604 3155 726 3218 bus
773 3154 1098 3218 theatrum
1144 3155 1433 3219 Marcelli
1481 3154 1842 3237 dedicabat,
1897 3153 2113 3217 euenit
2158 3156 2232 3216 ut
2279 3152 2510 3215 laxatis
2559 3152 2751 3217 sellae
2800 3174 2904 3216 cu·
2930 3180 2983 3221 εις

604 3263 763 3326 rulis
814 3264 1232 3347 compagibus
1289 3262 1541 3327 caderet
1599 3262 1888 3344 supinus,
1971 3263 2282 3343 nepotum
2339 3280 2594 3342 quoque
2643 3281 2902 3322 suorum

606 3390 870 3432 munere
927 3390 1073 3432 cum
1129 3371 1606 3432 consternatum
1664 3369 1887 3432 ruinae
1938 3370 2115 3429 metu
2161 3366 2473 3448 populum
2519 3366 2793 3430 retinere
2841 3370 2904 3429 et

608 3476 985 3541 confirmare
1040 3475 1220 3539 nullo
1276 3476 1468 3539 modo
1525 3478 1774 3558 posset,
1829 3474 2087 3537 transiit
2132 3495 2166 3536 e
2212 3474 2356 3556 loco
2413 3494 2529 3536 suo
2586 3477 2780 3556 atque
2836 3474 2905 3535 in

611 3604 685 3645 ea
730 3586 910 3664 parte
961 3582 1265 3664 consedit,
1313 3604 1476 3665 quae
1524 3584 1821 3664 suspecta
1865 3581 2142 3644 maxime
2190 3583 2341 3643 erat.

786 3686 1131 3771 Spectandi
1168 3689 1688 3752 confusissimum
1729 3708 1800 3750 ac
1840 3687 2303 3750 solutissimum
2342 3707 2586 3750 morem
2627 3687 2903 3749 correxit
2933 3714 2985 3753 30

752 3924 778 3971 1
812 3933 879 3970 ex
908 3917 1154 3983 equestri
1176 3923 1302 3985 post
1327 3917 1571 3970 ferarum
1605 3916 1733 3969 add.
1761 3915 1813 3968 G
1961 3920 1991 3967 2
2015 3916 2180 3982 prius
2199 3917 2257 3967 et
2283 3915 2384 3968 del.
2413 3916 2565 3968 Torr.
2721 3920 2753 3966 3
2782 3931 2904 3968 ma-

604 4000 787 4053 iorum
825 4015 858 4057 ς
905 4000 952 4066 (e
989 3997 1103 4052 cod.
1140 3998 1507 4051 uetustissimo
1546 3997 1708 4062 affert
1750 3996 1953 4064 Toron),
1997 4011 2331 4064 magnorum
2369 3997 2421 4046 ,Ω
2601 3999 2635 4046 4
2681 3994 2906 4047 delectu

598 4087 724 4148 post
759 4095 1060 4147 puerorum
1108 4078 1236 4130 add.
1277 4075 1549 4131 HRP2O
1587 4078 1781 4146 (uuly.)
1942 4081 1973 4127 6
2013 4091 2182 4128 aurea
2220 4075 2343 4127 HR
2485 4074 2672 4143 ipsum
2710 4091 2810 4129 om.
2835 4076 2911 4128 M

609 4165 638 4212 7
678 4159 792 4212 alia
832 4161 907 4212 M
918 4159 1074 4227 QRa
1129 4164 1178 4211 et
1220 4157 1299 4210 sic
1340 4173 1444 4224 pro
1489 4174 1544 4209 u.
1594 4157 1627 4210 l.
1666 4173 1735 4210 ss.
1774 4155 1860 4209 Π2
1907 4154 2006 4224 (ali
2053 4153 2295 4208 aedendi
2331 4156 2410 4208 M
2415 4157 2434 4218 ἃ
2579 4159 2610 4207 9
2657 4155 2905 4207 asernini

606 4239 813 4306 (aserni
856 4239 922 4304 G,
962 4237 1226 4291 asermini
1263 4239 1335 4307 V)
1376 4240 1454 4304 Ω,
1492 4253 1626 4291 corr.
1657 4237 1969 4291 Beroaldus
2115 4240 2181 4288 10
2219 4233 2520 4303 effregerat
2553 4238 2602 4287 Τ
2744 4240 2806 4286 11
2847 4235 2906 4287 et

605 4321 747 4388 (post
782 4322 1001 4387 operas)
1041 4335 1140 4372 om.
1182 4335 1214 4377 ς
1362 4323 1428 4371 14
1464 4317 1676 4385 lycium
1714 4316 1843 4387 (lyt-
1872 4317 1927 4385 S,
1970 4316 2071 4369 lic·
2100 4318 2162 4368 H
2175 4317 2233 4382 T,
2275 4314 2394 4368 luc·
2422 4315 2498 4384 R)
2527 4317 2605 4383 Ω,
2644 4315 2702 4368 L.
2733 4314 2904 4367 Itium

613 4400 794 4464 Torva,
831 4398 890 4450 L.
920 4398 1096 4451 Icium
1136 4399 1281 4452 Roth
1454 4404 1519 4451 15
1560 4399 1648 4469 ao]
1690 4399 1750 4451 at
1778 4399 2011 4468 Bentley
2186 4400 2251 4449 19
2289 4394 2649 4448 inuisitatum
2690 4395 2824 4449 MR
2843 4395 2903 4460 T,

604 4478 802 4532 inusit-
841 4480 934 4532 rel.
1109 4485 1175 4531 22
1215 4480 1340 4550 pro]
1379 4479 1437 4531 in
1473 4479 1523 4532 G
1695 4484 1761 4531 27
1802 4495 1927 4531 cum
1965 4495 2065 4532 om.
2101 4477 2153 4531 G
2279 4493 2439 4529 rcum
2479 4477 2797 4529 construere
2847 4476 2903 4527 et

606 4558 952 4612 confirimare
992 4560 1102 4626 (rel.
1143 4561 1371 4627 omissis)
1412 4559 1465 4611 V
1604 4563 1671 4611 28
1711 4574 1873 4626 posse
1915 4560 1991 4612 M
2000 4558 2052 4611 G'-
