3325 5209
483 1101 573 1167 62

480 3556 574 3623 63

595 407 722 469 154
1285 406 1343 461 C.
1382 406 1698 462 SVETONI
1734 406 2179 472 TRANQVILLI

591 573 890 655 rogatum
938 592 1084 634 eum
1132 569 1348 635 subito
1398 573 1462 634 et
1509 570 1677 635 clare
1725 592 1763 634 a
1809 571 2086 655 quodam
2132 592 2299 634 nano
2339 573 2588 635 astante
2626 592 2883 635 mensae

590 676 759 740 inter
815 697 1104 762 copreas,
1158 698 1272 741 cur
1316 676 1632 741 Paconius
1685 677 2037 743 maiestatis
2085 699 2229 742 reus
2276 680 2410 740 tam
2457 677 2566 741 diu
2613 678 2883 759 uiueret,

590 783 810 848 statim
859 784 1116 866 quidem
1170 782 1595 869 petulantiam
1649 785 1910 870 linguae
1958 784 2359 870 obiurgasse,
2405 788 2687 848 ceterum
2733 787 2882 867 post

588 911 829 975 paucos
877 890 1022 954 dies‘
1059 892 1392 977 scripsisse
1430 893 1703 977 senatui,
1747 895 1821 955 ut
1868 892 1945 956 de
1981 912 2189 976 poena
2233 891 2476 957 Paconi
2515 913 2708 976 quam
2754 892 2881 975 pri-

588 1006 766 1060 mum
813 1001 1139 1062 statueret.
2938 1021 2964 1060 ὃ

765 1102 970 1168 Auxit
1015 1105 1416 1189 intenditque
1454 1105 1791 1171 saeuitiam
1830 1106 2244 1170 exacerbatus
2282 1105 2519 1170 indicio
2561 1105 2636 1168 de
2674 1111 2882 1168 morte

588 1210 710 1275 filii
768 1212 868 1275 sui
925 1211 1137 1277 Drusi.
1234 1235 1427 1295 quem
1482 1234 1629 1277 cum
1685 1213 1911 1278 morbo
1968 1216 2032 1275 et
2096 1211 2588 1296 intemperantia
2641 1211 2883 1296 perisse

590 1317 1010 1403 existimaret,
1070 1322 1143 1382 ut
1196 1320 1456 1384 tandem
1511 1339 1761 1383 ueneno
1818 1318 2274 1403 interemptum
2331 1318 2553 1383 fraude
2607 1318 2882 1382 Liuillae

588 1425 809 1489 uxoris
855 1429 1049 1509 atque
1098 1424 1314 1490 Seiani
1364 1426 1701 1512 cognouit,
1746 1447 1953 1509 neque
1986 1426 2339 1491 ‘tormentis
2385 1447 2594 1510 neque
2641 1424 2881 1509 suppli·

590 1533 689 1596 cio
746 1532 1124 1615 cuiusquam
1179 1533 1493 1617 pepercit,
1548 1533 1671 1598 soli
1727 1533 1881 1598 huic
1935 1532 2293 1619 cognitioni
2344 1532 2500 1596 adeo
2548 1554 2663 1616 per
2708 1535 2881 1595 totos
2912 1554 2974 1593 ιο.

590 1638 724 1702 dies
770 1638 1024 1702 deditus
1081 1643 1144 1703 et
1199 1640 1513 1724 intentus,
1560 1645 1633 1705 ut
1679 1639 2113 1704 Rhodiensem
2159 1640 2511 1724 hespitem,
2558 1661 2747 1722 quem
2793 1639 2882 1702 fa-

588 1744 949 1809 miliaribus
994 1744 1230 1810 litteris
1276 1745 1552 1812 Romam
1599 1751 1918 1832 euocarat,
1962 1747 2296 1812 aduenisse
2344 1747 2469 1811 sibi
2513 1746 2881 1811 nuntiatum

588 1852 876 1936 torqueri
923 1852 1059 1916 sine
1106 1875 1287 1919 mora
1334 1855 1611 1935 iusserit,
1660 1855 1843 1937 quasi
1890 1854 2121 1937 aliquis
2153 1876 2239 1917 ex
2283 1853 2657 1919 necessariis
2697 1874 2902 1936 quae-⁴

590 1959 787 2023 stioni
842 1960 1118 2043 adesset,
1182 1959 1410 2024 deinde
1464 1982 1678 2025 errore
1735 1961 1983 2024 detecto
2042 1964 2105 2025 et
2160 1960 2392 2044 occidi,
2451 1982 2532 2023 ne
2588 1960 2883 2045 uulgaret

589 2066 906 2131 iniuriam.
1008 2067 1412 2131 carnificinae
1477 2067 1613 2131 eius
1680 2067 2039 2132 ostenditur
2110 2067 2290 2131 locus
2355 2066 2641 2151 Capreis,
2716 2067 2882 2130 unde
2912 2088 2980 2127 15-

589 2173 924 2238 damnatos
968 2179 1119 2258 p'ost
1162 2174 1359 2260 longa
1398 2178 1461 2238 et
1499 2173 1819 2257 exquisita
1855 2178 2177 2238 tormenta
2212 2173 2622 2259 praecipitari
2669 2195 2882 2238 coram

587 2302 654 2344 se
700 2282 768 2344 in
822 2302 997 2344 mare
1044 2280 1334 2365 iubebat,
1391 2281 1754 2364 excipiente
1801 2280 2277 2345 classiariorum
2322 2303 2517 2345 manu
2566 2285 2628 2344 et
2675 2280 2880 2344 contis

587 2393 779 2473 atque
835 2386 1028 2452 remis
1085 2387 1357 2451 elidente
1414 2388 1746 2474 cadauera,
1802 2409 1884 2451 ne
1941 2387 2043 2451 cui
2076 2388 2336 2451 -residui
2392 2388 2657 2472 spiritus
2705 2386 2881 2469 quic-

589 2517 779 2579 quam
845 2495 1099 2558 inesset.
1204 2495 1687 2580 excogitauerat
1752 2499 1966 2559 autem
2033 2495 2200 2559 inter
2263 2516 2499 2580 genera
2563 2494 2880 2558 cruciatus

589 2601 810 2685 etiam,
866 2604 938 2664 ut
983 2600 1166 2687 larga
1211 2602 1372 2666 meri
1418 2603 1681 2685 potione
1727 2624 1843 2686 per
1887 2603 2205 2666 faUaciam
2253 2607 2549 2668 oneratos
2558 2653 2577 2686 ,
2620 2606 2881 2685 repente
2911 2622 2963 2661 20

586 2708 858 2772 ueretris
907 2708 1231 2794 deligatis,
1286 2709 1706 2782 fidicularum
1749 2710 1941 2774 simul
1995 2710 2346 2793 urinaeque
2392 2714 2712 2775 tormento
2761 2709 2882 2772 dis-

589 2816 893 2879 tenderet.
977 2816 1152 2898 quod
1196 2816 1321 2879 nisi
1371 2839 1517 2880 eum
1565 2822 1629 2881 et
1676 2839 1848 2881 mors
1902 2817 2340 2902 praeuenisset
2394 2822 2459 2881 et
2505 2816 2881 2901 Thrasyllus

587 2922 902 3006 consulto,
948 2926 1021 2986 ut
1067 2923 1267 3006 aiunt,
1314 2924 1567 2989 differre
1614 2925 1923 3007 quaedam
1974 2946 2086 3008 spe
2132 2924 2446 3011 longioris
2494 2924 2666 2987 uitae
2714 2946 2881 2987 com-

586 3030 886 3114 pulisset,
939 3031 1156 3113 plures
1223 3030 1553 3114 aliquanto
1617 3035 1960 3096 necaturus
2026 3054 2099 3096 ac
2161 3054 2242 3095 ne
2297 3031 2560 3114 reliquis
2622 3031 2878 3112 quidem

585 3137 931 3221 nepotibus
977 3159 1284 3221 parsurus
1333 3138 1639 3222 creditur,
1697 3161 1838 3202 cum
1891 3143 1955 3202 et
2002 3136 2231 3203 Gaium
2279 3140 2646 3221 suspectum
2691 3135 2879 3199 habe-
2911 3156 2964 3196 2⁵

584 3248 690 3308 ret'
729 3249 793 3308 et
830 3243 1160 3308 Tiberium
1207 3247 1280 3307 ut
1329 3266 1406 3308 ex
1453 3245 1769 3309 adulterio
1809 3249 2190 3329 conceptum
2229 3249 2691 3328 aspernaretur.
2765 3264 2881 3306 nec

586 3351 888 3415 abhorret
926 3373 963 3414 a
998 3373 1181 3435 uero3
1224 3372 1502 3434 namque
1540 3351 1890 3415 identidem
1929 3352 2232 3416 felicem
2270 3350 2650 3414 Priamum
2696 3372 2881 3415 uoca-

585 3457 715 3540 bat,
761 3458 961 3540 quod
1007 3463 1401 3542 superstes
1451 3458 1782 3523 omnium
1831 3480 2140 3522 suorum
2189 3458 2604 3523 extitisset.

772 3563 976 3640 Quam
1032 3566 1199 3629 inter
1251 3564 1408 3628 haec
1453 3587 1584 3629 non
1630 3565 1821 3629 modo
1877 3566 2126 3629 inuisus
2174 3587 2246 3629 ac
2294 3565 2714 3647 detestabiliS,
2770 3564 2881 3628 sed

587 3672 1032 3754 praetrepidus
1072 3693 1326 3754 quoque
1366 3676 1557 3755 atque
1595 3673 1789 3736 etiam
1830 3673 2234 3736 contumeliis
2273 3673 2588 3737 obnoxius
2626 3672 2882 3756 uixerit,
2908 3690 2961 3730 so

586 3779 793 3841 multa
850 3778 1087 3842 indicia
1143 3783 1308 3843 sunt.
1391 3779 1763 3863 haruspices
1809 3783 2051 3844 secreto
2101 3801 2173 3842 ac
2229 3780 2364 3844 sine
2411 3779 2684 3843 testibus
2734 3802 2878 3844 con-

731 4068 758 4114 1
800 4062 1086 4130 quoddam
1107 4064 1182 4115 M
1285 4069 1315 4114 2
1355 4078 1584 4129 copreae
1608 4064 1682 4114 M
1690 4062 1810 4129 VR,
1848 4077 2079 4129 capreas
2107 4063 2201 4114 rel.
2233 4063 2321 4129 (ef.
2357 4061 2548 4116 Claud.
2572 4064 2628 4130 8)
2738 4078 2878 4131 pau-

586 4142 780 4195 conius
815 4145 862 4194 Y
967 4148 1000 4194 4
1036 4141 1301 4211 pauconii
1336 4145 1383 4194 Y
1493 4147 1520 4193 7
1560 4142 1638 4212 et]
1680 4157 1748 4194 cx
1788 4143 2124 4196 Cornelissen
2246 4140 2741 4209 intemperantiam
2773 4143 2907 4195 Me·

585 4228 618 4275 8
654 4240 870 4275 ueneno
908 4240 1007 4277 om.
1029 4223 1170 4293 HQ,
1218 4228 1342 4291 post
1388 4221 1787 4291 interemptum
1822 4222 1980 4275 habet
2016 4221 2058 4275 S
2233 4221 2608 4290 interceptum
2647 4224 2878 4292 Bentley

588 4307 654 4355 10
693 4302 955 4371 cuiquam
978 4303 1029 4356 G
1140 4308 1204 4355 12
1243 4305 1509 4355 euocarat
1527 4304 1753 4370 (-uerat)
1785 4318 1818 4360 ς
1847 4301 2167 4371 (Beroald.)‚
2206 4302 2480 4355 euocabat
2499 4304 2550 4353 ,Ω
2581 4303 2878 4370 (euocabat

585 4397 797 4434 romam
831 4383 901 4450 G)
1048 4388 1112 4435 17
1153 4401 1302 4436 mare
1334 4385 1393 4435 H
1398 4382 1588 4452 1ῼΡΤ,
1627 4382 1771 4434 mari
1807 4382 1900 4435 rel.
1929 4384 2020 4451 (Ω)
2167 4388 2234 4435 20
2263 4381 2424 4451 larga
2461 4399 2597 4436 corr.
2630 4399 2696 4435 eoe
2732 4380 2899 4450 largi,

586 4464 673 4529 (m.
699 4460 787 4530 1?)
811 4463 887 4515 M
1025 4468 1090 4515 23
1129 4462 1446 4531 impulisset
1474 4464 1708 4532 Bentley
1852 4468 1919 4515 25
1948 4462 2247 4531 nepotibus
2277 4480 2376 4517 om.
2404 4462 2455 4517 G
2600 4468 2667 4515 30
2707 4461 2898 4514 etiam·

586 4540 939 4594 contumeliis
978 4542 1076 4596 del.
1110 4543 1417 4597 Salmasius
