3325 5209
625 404 714 467 24
1331 402 1388 457 G.
1427 402 1743 458 SVETO'NI
1779 402 2224 468 TRANQVILLI

626 588 752 649 qua
799 567 976 650 prius
1017 588 1209 649 quam
1248 566 1475 651 dicam,
1520 587 1594 628 ea
1631 587 1793 649 quae
1831 566 1910 630 ad
1947 567 2223 631 formam
2261 572 2325 632 et
2361 566 2653 631 habitum
2693 571 2756 631 et
2794 567 2924 631 cul-

625 677 765 735 tum
830 677 896 736 et
958 694 1196 757 mores,
1258 694 1378 736 nec
1437 673 1650 736 minus
1712 694 1875 755 quae
1942 674 2019 737 ad
2083 672 2301 737 ciuilia
2360 677 2424 737 et
2487 673 2721 737 bellica
2786 671 2924 739 eius

628 778 840 843 studia
883 780 1264 862 pertineant,
1309 800 1439 843 non
1488 778 1771 842 alienum
1819 779 1943 843 erit
1991 781 2363 844 summatim
2410 801 2741 862 exponere.

516 881 610 950 45
799 884 1028 949 Fuisse
1075 885 1351 949 traditur
1397 885 1646 950 excelsa
1693 888 1956 968 statura,
2003 888 2218 951 colore
2265 886 2563 970 candide,
2608 886 2921 951 teretibus

622 991 955 1075 membris,
1012 1013 1119 1056 ore
1174 992 1368 1076 paulo
1424 991 1740 1076 pleniore,
1796 991 1999 1076 nigris
2053 994 2428 1079 uegetisque
2481 993 2709 1077 oculis,
2763 992 2922 1056 11311-
2984 1019 3011 1058 5

620 1097 846 1162 tudine
901 1120 1236 1183 prospera,
1289 1098 1419 1162 nisi
1475 1099 1647 1181 quod
1703 1103 1992 1181 tempore
2049 1103 2335 1163 extremo
2392 1102 2655 1182 repente
2706 1100 2923 1164 animo

620 1204 832 1288 linqui
888 1209 1082 1288 atque
1139 1205 1334 1269 etiam
1391 1227 1506 1288 per
1544 1219 1859 1269 'somnum
1907 1205 2213 1269 exterreri
2260 1205 2522 1270 solebat.
2607 1205 2923 1269 comitiali

553 1326 584 1374 2
625 1333 882 1395 quoque
945 1312 1172 1375 morbo
1238 1311 1339 1374 bis
1405 1312 1574 1376 inter
1636 1333 1739 1374 res
1806 1312 2083 1396 agendas
2148 1314 2479 1395 correptus
2545 1316 2660 1375 est.
2753 1312 2924 1376 circa

623 1419 911 1502 corporis
960 1439 1177 1481 curam
1225 1419 1562 1501 morosior,
1608 1422 1682 1480 ut
1726 1438 1856 1481 non
1906 1420 2115 1482 solum
2135 1461 2139 1466 -
2161 1418 2534 1482 tonderetur
2579 1417 2924 1503 diligenter

623 1546 697 1588 ac
741 1524 1089 1608 raderetur,
1138 1524 1248 1589 sed
1292 1523 1639 1587 uelleretur
1678 1524 1889 1607 etiam,
1936 1528 2009 1588 ut
2058 1525 2317 1607 quidam
2356 1524 2920 1609 exprobrauerunt,
2953 1554 3007 1593 10

624 1630 869 1694 caluitii
924 1652 1078 1694 uero
1137 1631 1611 1695 deformitatem
1667 1631 2072 1712 iniquissime
2127 1632 2324 1695 ferret
2370 1652 2558 1714 saepe
2605 1631 2919 1695 obtrecta-

623 1739 836 1800 torum
893 1737 1050 1800 iocis
1108 1738 1451 1800 obnoxiam
1509 1740 1826 1820 expertus.
1910 1736 2180 1820 ideoque
2246 1741 2310 1801 et
2363 1737 2765 1801 deficientem
2821 1758 2919 1800 ca-

620 1843 850 1926 pillum
903 1865 1205 1908 reuocare
1252 1866 1289 1907 a
1335 1844 1575 1908 uertice
1630 1842 2009 1907 adsueuerat
2067 1847 2130 1907 et
2177 1867 2254 1907 ex
2302 1844 2601 1908 omnibus
2650 1842 2918 1908 decretis

622 1950 748 2013 sibi
813 1973 850 2013 a
915 1955 1139 2015 senatu
1201 1949 1573 2035 populoque
1636 1948 1994 2014 honoribus
2057 1972 2190 2014 non
2264 1949 2439 2014 aliud
2503 1953 2615 2014 aut
2677 1950 2919 2034 recepit

620 2060 733 2120 aut
786 2058 1124 2142 usurpauit
1180 2057 1487 2123 libentius
1546 2079 1739 2139 quam
1805 2056 1905 2120 ius
1970 2058 2225 2121 laureae
2280 2079 2551 2121 coronae
2605 2060 2917 2141 perpetuo
2951 2085 3003 2125 15

621 2164 978 2249 gestandae.
1264 2175 1269 2179 ’

552 2283 583 2331 3
797 2270 1016 2334 Etiam
1064 2270 1244 2334 cultu
1289 2270 1644 2334 notabilem
1691 2269 1933 2334 ferunt:
1979 2293 2167 2334 usum
2216 2270 2387 2334 enim
2433 2269 2567 2334 lato
2615 2268 2799 2334 clauo
2838 2270 2917 2333 ad

619 2399 847 2441 manus
903 2378 1230 2441 fimbriato
1294 2397 1413 2439 nec
1467 2398 1773 2458 umquam
1831 2376 2018 2440 aliter
2073 2399 2266 2459 quam
2312 2377 2469 2460 <ut>
2525 2398 2718 2461 super
2770 2398 2914 2439 eum

620 2483 999 2568 cingeretur,
1045 2487 1110 2547 et
1159 2482 1414 2565 quidem
1452 2482 1722 2546 fluxiore
1771 2485 2083 2567 cinctura3
2130 2484 2297 2547 unde
2335 2505 2662 2575 emanasse
2702 2481 2916 2547 Sullae

621 2588 862 2652 dictum
920 2589 1260 2672 optimates
1324 2589 1576 2673 saepius
1635 2589 2070 2672 admonentis,
2134 2594 2208 2652 ut
2262 2591 2429 2652 male
2483 2590 2916 2673 praecinctum
2949 2617 3002 2656 so

513 2690 607 2756 46
620 2716 888 2778 puerum
946 2698 1259 2760 canerent.
1353 2694 1674 2759 habitauit
1728 2695 1938 2780 primo
1995 2696 2064 2759 in
2120 2694 2371 2759 Subura
2427 2695 2694 2760 modicis
2751 2696 2916 2760 aedi-

619 2802 767 2885 bus,
823 2806 970 2884 post
1025 2806 1240 2866 autem
1294 2802 1748 2886 pontificatum
1806 2802 2158 2866 maximum
2216 2804 2284 2865 in
2331 2801 2525 2866 Sacra
2569 2804 2678 2866 uia
2723 2804 2914 2867 domo

618 2908 893 2991 publica.
985 2908 1447 2972 munditiarum
1512 2908 2041 2992 lautitiarumque
2102 2909 2661 2990 ‚studiosissimum
2727 2910 2916 2972 multi

617 3014 1063 3098 prodiderunt:
1124 3016 1348 3079 uillam
1406 3017 1472 3078 in
1526 3014 1912 3079 Nemorensi
1969 3039 2006 3080 a
2060 3016 2493 3079 fimdamentis
2549 3015 2916 3080 incohatam

617 3141 980 3205 magnoque
1037 3126 1303 3205 sumptu
1359 3121 1748 3205 absolutam,
1808 3123 1959 3205 quia
2011 3144 2144 3186 non
2196 3125 2336 3186 tota
2393 3123 2471 3186 ad
2522 3122 2804 3187 animum
2856 3123 2915 3186 ei
2944 3149 2999 3189 25

616 3228 1061 3312 responderat,
1107 3232 1315 3292 totam
1363 3228 1660 3311 diruisse,
1719 3251 2085 3312 quanquam
2132 3233 2392 3293 tenuem
2440 3229 2647 3293 adhue
2695 3233 2760 3293 et
2806 3230 2915 3294 ob-

618 3338 931 3415 aeratum3
1000 3334 1065 3397 in
1136 3334 1651 3418 expeditionibus
1723 3336 2048 3399 tessellata
2109 3340 2172 3399 et
2242 3335 2490 3399 sectilia
2547 3336 2916 3419 pauimenta

513 3432 602 3498 47
621 3440 1113 3518 circumtulisse3
1169 3440 1570 3504 Britanniam
1625 3442 1863 3525 petisse
1911 3463 2023 3525 spe
2070 3442 2592 3525 margaritarum,
2645 3464 2914 3524 quarum

619 3546 1108 3630 amplitudinem
1158 3548 1589 3611 conferentem
1646 3547 1967 3611 interdum
2017 3570 2131 3611 sua
2178 3570 2372 3611 manu
2429 3548 2715 3632 exegisse
2759 3568 2915 3631 pon-

763 3773 793 3816 5
832 3766 900 3831 cf.
941 3765 1218 3819 Einhard.
1247 3770 1324 3820 22
1361 3769 1436 3835 (u.
1476 3767 1552 3820 ad
1596 3767 1713 3821 Tib.
1746 3770 1820 3820 68
1858 3773 1907 3820 et
1948 3768 2139 3821 Claud.
2172 3769 2261 3836 31)

759 3967 790 4013 3
828 3961 1116 4030 pertinent
1156 3962 1208 4015 G-
1353 3968 1384 4014 9
1423 3978 1535 4015 11011
1584 3962 1764 4014 solum
1810 3978 1923 4014 non
1966 3962 2017 4016 G
2162 3961 2467 4031 diligenter
2514 3979 2579 4016 ac
2625 3963 2917 4016 raderetur

616 4060 715 4096 om.
742 4046 790 4095 Τ
914 4047 975 4094 11
1008 4040 1152 4093 ferre
1178 4040 1483 4109 GS²11R¹,
1513 4041 1736 4096 ferebat
1764 4044 1992 4110 ΤΝρδ,
2021 4042 2156 4096 tulit
2176 4042 2259 4097 R²
2389 4048 2453 4096 13
2485 4041 2519 4095 a
2546 4060 2646 4097 om.
2673 4043 2724 4097 G
2843 4043 2916 4095 ad

615 4123 886 4175 uerticem
924 4138 956 4180 ς
995 4123 1148 4186 (saec.
1182 4123 1373 4191 XIII)
1520 4125 1891 4175 consueuerat
1917 4123 2106 4177 ΗΡΘ
2121 4124 2245 4177 ΤΝ
2275 4133 2412 4192 (ass-
2450 4125 2542 4178 rel.
2565 4130 2786 4191 praeter
2818 4123 2916 4191 M)

619 4207 682 4254 17
722 4216 900 4269 usque
940 4201 1013 4252 ad
1049 4216 1249 4253 manus
1278 4201 1366 4268 Η,
1408 4203 1468 4253 at
1504 4201 1689 4254 minus
1722 4203 1831 4273 Qe,
1871 4204 1944 4255 ad
1982 4203 2250 4256 amussim
2287 4210 2339 4257 et
2365 4210 2480 4256 tum
2508 4203 2709 4257 striato
2738 4203 2917 4258 Ernst

616 4283 838 4337 Schulze
983 4284 1050 4332 18
1088 4283 1154 4333 ut
1189 4298 1287 4335 om.
1322 4281 1394 4333 Μ
1406 4279 1743 4351 GRX‘(.‹2),
1774 4290 1904 4350 post
1938 4299 2041 4336 nec
2087 4279 2215 4337 add.
2237 4283 2393 4353 HQs
2432 4284 2611 4353 (edd),
2650 4289 2776 4337 ante
2812 4299 2916 4336 nec

620 4362 877 4429 G·ujetu3‚
908 4367 1036 4427 post
1063 4376 1233 4428 quam
1263 4362 1494 4431 Bentley
1642 4368 1706 4415 19
1735 4378 1995 4415 manasse
2029 4363 2280 4430 Gasaub„
2319 4366 2376 4416 et
2402 4379 2664 4416 manasse
2685 4364 2917 4434 Bentley

618 4447 684 4494 20
721 4456 957 4510 puerum
993 4440 1141 4492 male
1178 4440 1563 4509 praecinctum
1604 4442 1693 4508 H,
1731 4445 1799 4510 cf.
1836 4444 2082 4497 Mam-ob.
2121 4449 2222 4497 sat.
2261 4444 2337 4495 II
2361 4447 2413 4510 3,
2442 4448 2478 4498 9
2622 4450 2690 4497 24
2728 4458 2917 4496 nemo-

615 4521 859 4575 rensiam
896 4519 1053 4571 fund.
1088 4521 1162 4572 M
1169 4523 1204 4574 δ
1349 4526 1416 4572 25
1453 4523 1588 4574 nota
1633 4525 1693 4587 T,
1744 4521 1776 4575 ‘l'
1812 4524 1935 4575 tota
1971 4539 2038 4576 ss.
2078 4524 2141 4576 in
2178 4524 2233 4576 R
