3325 5209
570 406 701 470 316
1207 440 1212 446 ⁴
1266 404 1322 459 C.
1362 403 1681 458 sVETONI
1715 401 2164 468 TRANQVILLI

569 570 849 633 minatos
927 568 1130 632 ueteri
1210 564 1621 653 neglegentia
1697 565 2005 650 purgauit
2081 564 2535 648 suppleuitque
2606 584 2864 627 recenso

570 681 796 740 senatu
834 679 899 739 et
936 675 1171 760 equite,
1217 675 1564 738 summotis
1607 672 2071 760 indignissimis
2119 677 2197 737 et
2219 671 2673 753 honestissimo
2712 692 2867 753 quo-

574 804 699 865 que
757 780 1131 847 Italicorum
1192 803 1266 847 ac
1327 780 1826 865 prouincialium
1891 781 2139 845 allecta
2177 824 2181 829 -
2241 783 2434 861 atque
2490 778 2586 841 uti
2637 781 2868 842 notum

571 893 756 972 esset,
817 893 1161 972 utrumque
1222 887 1523 952 ordinem*
1543 866 1703 951 fn‘on
1764 890 1899 949 tam
1954 885 2267 950 libertate
2318 885 2488 949 inter
2551 905 2617 947 se
2674 906 2866 967 quam

571 995 886 1080 dignitate
923 995 1196 1077 differre,
1234 995 1311 1057 de
1348 993 1562 1079 iurgio
1603 992 1880 1077 quodam
1919 993 2233 1057 senatoris
2270 992 2636 1075 equitisque
2663 989 2739 1054 R.
2778 991 2868 1054 ita
2926 1011 2950 1050 5

568 1102 1043 1186 pronuntiauit,
1087 1123 1239 1166 non
1276 1104 1638 1185 oportere
1677 1100 2034 1207 maledici
2075 1098 2591 1182 senatoribus,
2629 1119 2866 1161 rema-

568 1207 806 1273 ledici
854 1209 1090 1273 ciuile
1134 1209 1409 1292 fasque
1456 1227 1636 1271 esse.

464 1304 554 1370 10
605 1354 609 1361 »
748 1314 993 1378 Litium
1054 1314 1247 1379 series
1311 1313 1553 1397 ubique
1616 1313 1925 1378 maiorem
1985 1313 2053 1376 in
2107 1263 2370 1379 modum
2436 1315 2869 1395 excreuerant,

570 1421 980 1485 manentibus
1036 1420 1322 1503 antiquis
1379 1419 1858 1503 intercapedine
1910 1420 2070 1483 iuris
2127 1418 2454 1502 dictionis,
2519 1417 2870 1482 accedenti-

571 1528 693 1592 bus
746 1527 935 1592 nouis
991 1549 1067 1590 ex
1127 1527 1500 1591 condicione
1547 1528 1960 1610 tumultuque
2006 1529 2398 1610 temporum3
2455 1528 2626 1589 sorte
2671 1524 2869 1609 elegit
2898 1539 2950 1578 1⁰

571 1657 686 1718 per
750 1655 911 1718 quos
979 1638 1163 1717 rapta
1219 1634 1391 1698 bello
1459 1634 1951 1705 restituerentur
2005 1633 2244 1716 quique
2298 1632 2533 1696 iudicia
2587 1635 2869 1694 centum-

573 1741 819 1823 uiralia,
877 1741 1110 1824 quibus
1153 1741 1535 1827 peragendis
1583 1740 1697 1804 uix
1749 1740 2095 1806 suffectura
2143 1739 2549 1825 litigatorum
2609 1738 2868 1802 uideba-

572 1850 679 1911 tur
735 1852 935 1930 aetaS,
992 1851 1174 1911 extra
1234 1848 1526 1911 ordinem
1584 1847 2009 1911 diiudicarent
2063 1847 2550 1931 redigerentque
2605 1846 2683 1909 ad
2730 1846 2868 1909 bre-

572 1954 911 2017 uissimum
957 1976 1312 2019 numerum.

465 2052 548 2118 ll
748 2059 980 2125 Libido
1037 2065 1230 2144 atque
1285 2061 1548 2124 luxuria
1603 2064 1934 2124 coercente
1978 2060 2158 2125 nullo
2206 2061 2590 2141 inualuerat3
2644 2062 2871 2122 auctor
2899 2071 2950 2112 1⁵

573 2169 822 2231 senatui
882 2169 1009 2232 fuit
1071 2167 1471 2251 decernendi,
1534 2172 1608 2231 ut
1671 2188 1833 2251 quae
1894 2189 1960 2230 se
2020 2167 2228 2231 alieno
2289 2188 2477 2230 seruo
2539 2165 2870 2247 iunxisset,

572 2274 808 2338 ancilla
871 2274 1243 2359 haberetur3
1318 2296 1482 2338 neue
1545 2274 1830 2338 filiorum
1904 2272 2296 2337 familiarum
2360 2270 2869 2336 faeneratoribus

573 2381 872 2466 exigendi
931 2381 1156 2447 crediti
1215 2382 1315 2445 ius
1373 2403 1680 2464 umquam
1738 2384 1924 2465 esset,
1977 2379 2103 2445 hoc
2150 2384 2247 2444 est
2291 2402 2373 2443 ne
2418 2382 2566 2462 post
2610 2380 2870 2462 patrum

576 2487 832 2570 quidem
882 2492 1178 2552 mortem.

754 2592 996 2657 Ceteris
1056 2594 1126 2656 in
1184 2593 1376 2656 rebus
1439 2593 1657 2656 statim
1720 2593 1800 2656 ab
1856 2591 2042 2657 initio
2098 2592 2495 2676 principatus
2540 2612 2744 2674 usque
2792 2590 2870 2653 ad
2898 2605 2951 2644 2⁰

470 2691 819 2762 12exitum
867 2699 1076 2763 ciuilis
1115 2704 1178 2762 et
1216 2699 1512 2783 clemens,
1558 2699 2065 2762 mediocritatem
2112 2697 2450 2782 pristinam
2496 2719 2704 2782 neque
2750 2698 2873 2760 dis-

574 2806 906 2869 simulauit
966 2797 1273 2889 umquam
1330 2828 1402 2869 ac
1458 2807 1828 2889 frequenter
1883 2806 2077 2869 etiam
2132 2826 2286 2888 prae
2340 2827 2407 2868 se
2454 2803 2622 2869 tulit.
2717 2805 2874 2887 quin

575 2917 639 2976 et
698 2913 989 2977 conantis
1050 2912 1361 2996 quosdam
1416 2913 1736 2997 originem
1792 2911 2003 2975 Flauii
2067 2913 2320 2995 generis
2375 2912 2453 2975 ad
2511 2912 2873 2977 conditores

575 3019 884 3084 Reatinos
942 3020 1370 3102 comitemque
1421 3018 1735 3102 HerculiS,
1792 3018 1976 3082 cuius
2024 3021 2491 3082 monimentum
2540 3021 2716 3082 extat
2764 3016 2872 3081 Sa-

571 3125 732 3189 laria
786 3127 910 3209 uia,
966 3125 1202 3190 referre
1257 3126 1459 3188 irrisit
1515 3125 1706 3188 ultro:
1799 3125 2085 3208 adeoque
2139 3125 2304 3189 nihil
2350 3128 2871 3189 ornamentorum
2901 3135 2952 3174 2⁵

569 3231 965 3296 extrinsecus
1006 3232 1233 3316 cupide
1275 3232 1610 3315 appetiuit,
1649 3235 1721 3294 ut
1757 3233 2073 3315 triumphi
2102 3232 2203 3295 die
2230 3230 2541 3317 fatigatus
2570 3230 2873 3294 tarditate

570 3342 637 3403 et
692 3339 903 3402 taedio
964 3360 1240 3422 pompae
1303 3359 1439 3401 non
1504 3339 1859 3421 reticuerit,
1933 3339 2208 3402 merito
2274 3361 2349 3402 se
2413 3338 2678 3424 plecti,
2746 3335 2874 3420 qui

569 3446 1074 3529 triumphum,
1143 3445 1361 3527 quasi
1430 3448 1558 3507 aut
1624 3444 1969 3508 debitum
2035 3445 2455 3509 maioribus
2521 3445 2680 3509 suis
2746 3447 2875 3507 aut

569 3555 960 3635 speratum
1035 3572 1386 3633 umquam
1462 3550 1642 3632 sibi,
1736 3556 1889 3615 tam
1968 3552 2227 3635 inepte
2302 3573 2529 3616 senex
2602 3572 2874 3616 concu-

572 3659 835 3742 pisset.
928 3681 1003 3724 ac
1055 3679 1137 3721 ne
1192 3657 1612 3721 tribuniciam
1672 3657 1930 3741 quidem
1983 3662 2368 3743 potestatem
2423 3661 2480 3742 <.
2511 3708 2526 3722 .
2559 3658 2615 3741 .>
2669 3657 2872 3741 patris
2902 3668 2955 3708 8⁰

573 3765 820 3849 patriae
867 3764 1368 3849 appellationem
1416 3764 1544 3829 nisi
1601 3786 1741 3828 sero
1797 3765 2053 3850 recepit.
2146 3788 2293 3829 nam
2348 3764 2874 3831 consuetudinem

573 3872 899 3936 scrutandi
956 3871 1307 3935 salutantes
1359 3875 1656 3935 manente
1705 3871 1914 3937 adhuc
1959 3872 2130 3936 bello
2178 3873 2353 3936 ciuili
2401 3873 2721 3963 omiserat.

717 4008 785 4056 20
823 4004 894 4070 cf.
923 4003 1160 4070 Eutrop.
1186 3999 1304 4056 VII
1330 4006 1478 4068 19,2
1516 4002 1727 4055 Romae
1758 4018 1816 4056 se
1854 4002 1911 4055 in
1942 4002 2177 4071 imperio
2206 4001 2654 4057 moderatissime
2683 4001 2874 4070 gessit.

715 4134 750 4181 4
787 4127 934 4181 inter
971 4143 1029 4179 se
1073 4129 1140 4194 Y,
1196 4125 1258 4178 in
1297 4143 1354 4179 se
1397 4127 1601 4192 MGX,
1658 4144 1758 4181 om.
1798 4128 1867 4181 N
2042 4134 2068 4180 7
2108 4127 2223 4180 uile
2263 4128 2368 4197 HQ
2413 4129 2550 4197 (tum
2585 4127 2769 4180 inesse
2811 4126 2874 4196 Q)

578 4211 641 4259 11
684 4206 1101 4260 centumuirilia
1131 4207 1315 4261 MGY
1352 4208 1506 4275 (corr.
1538 4206 1640 4277 11²)
1792 4213 1856 4260 16
1889 4207 2235 4279 decernende
2266 4209 2351 4274 M,
2388 4208 2486 4260 -de
2515 4209 2551 4260 ὃ
2697 4212 2762 4259 17
2793 4207 2877 4259 fa-

571 4286 879 4339 miliarium
919 4287 1135 4341 MXRo
1191 4288 1326 4354 (non
1371 4288 1441 4355 T)
1592 4293 1674 4340 18.
1728 4293 1793 4340 19
1848 4286 1955 4341 hoc
1992 4289 2078 4341 est
2120 4304 2290 4356 usquc
2333 4290 2573 4341 mortem
2615 4289 2878 4357 ylosscma

567 4370 779 4432 putant
815 4369 1008 4419 Burm.
1054 4367 1191 4421 Oud.
1342 4372 1410 4418 24
1465 4367 1564 4420 uia
1603 4367 1809 4421 salaria
1849 4366 1922 4420 Y'
2068 4372 2134 4421 30
2189 4366 2489 4421 tribunitia
2508 4399 2576 4406 —
2595 4368 2877 4435 potestate

574 4444 686 4513 HQ
880 4460 983 4498 nec
1020 4453 1148 4500 ante
1183 4446 1365 4514 patris
1404 4448 1533 4501 add.
1569 4448 1620 4501 G
1658 4447 1749 4516 (G.
1782 4449 2031 4517 Becker),
2080 4450 2137 4501 et
2175 4464 2207 4506 ς
2246 4449 2346 4517 (ed.
2375 4465 2467 4516 pr.
2501 4448 2648 4513 Vcn„
2684 4448 2877 4518 παῖς),

575 4525 679 4576 aut
714 4525 877 4589 Roth,
916 4525 1110 4579 statim
1152 4526 1211 4580 O.
1246 4527 1568 4593 Hirschfeld
1606 4535 1655 4582 et
1698 4528 1758 4583 O.
1789 4528 2084 4594 Rossbach,
2122 4527 2317 4581 statim
2350 4544 2456 4582 nec
2492 4528 2759 4581 Biccheler
