3325 5209
1154 412 1372 466 DIVVS
1411 413 1650 467 IVLIVS
1692 425 1821 474 [cu.
1853 426 2028 474 85-89]
2654 414 2743 476 47

439 573 784 659 secrato[s]
833 574 894 639 ei
939 555 1497 661 heres-Augustus
1535 576 1781 661 edebat,
1830 568 2015 640 stella
2053 576 2282 639 crinita
2330 597 2446 661 per
2491 580 2739 660 septem

439 680 784 745 continuos
834 681 968 746 dies
1015 681 1198 746 fulsit
1245 683 1538 747 exoriens
1586 684 1753 747 circa
1798 683 2198 747 undecimam
2241 675 2495 767 horam,
2543 684 2741 747 credi—

440 792 710 871 tumque
766 792 867 852 est
922 790 1200 852 animam
1258 811 1396 853 esse
1445 787 1732 855 Caesaris
1779 790 1848 853 in
1894 789 2138 853 caelum
2186 791 2464 873 recepti3-
2511 793 2575 852 et
2619 789 2739 853 hac

441 893 520 958 de
566 916 758 958 causa
806 894 1150 960 simulacro
1199 898 1334 959 eius
1381 896 1450 959 in
1495 896 1740 959 uertice
1786 896 2043 961 additur
2089 896 2287 960 stella.

383 1026 409 1066 5
620 999 906 1087 Curiam,
981 1002 1050 1066 in
1116 989 1244 1085 qua
1308 1003 1557 1066 occisus
1622 1006 1747 1085 est,
1822 1002 2072 1066 obstrui
2146 1003 2390 1087 placuit
2455 1002 2738 1085 ldusque
2815 1030 2824 1039 ·

440 1106 708 1173 Martias
754 1108 1174 1172 Parricidium
1223 1109 1562 1193 nominari,
1609 1131 1684 1172 ac
1727 1130 1809 1173 ne
1854 1132 2162 1191 umquam
2211 1131 2285 1173 eo
2333 1108 2435 1172 die
2481 1115 2739 1173 senatus

442 1220 756 1301 ageretur.
846 1238 1298 1300 percussorum
1353 1220 1567 1280 autem
1622 1216 1758 1279 fere
1802 1238 2011 1298 neque
2057 1217 2334 1279 triennio
2384 1216 2729 1299 quisquam
2751 1213 2850 1277 89

443 1322 719 1408 amplius
776 1323 1135 1407 superuixit
1180 1345 1391 1406 neque
1446 1346 1561 1387 sua
1606 1327 1815 1387 morte
1862 1323 2200 1387 defunctus
2256 1327 2369 1387 est.
2454 1323 2738 1388 damnati

444 1451 664 1493 omnes
725 1430 888 1495 alius
949 1430 1075 1493 alio
1137 1452 1286 1494 casu
1347 1430 1564 1515 periit,
1624 1452 1774 1514 pars
1832 1430 2198 1515 naufragio,
2259 1452 2407 1514 pars
2463 1430 2737 1515 proeli03

356 1560 410 1599 10
440 1536 738 1600 nonnulli
785 1541 982 1600 semet
1019 1537 1240 1601 eodem
1280 1537 1392 1601 illo
1431 1538 1730 1621 pugione,
1772 1559 1902 1619 quo
1945 1536 2278 1601 Caesarem
2316 1537 2743 1620 uiolauerant,

443 1644 920 1707 interemerunt.

589 1817 616 1862 7
665 1812 734 1876 cf.
779 1812 1008 1877 Capitol.
1053 1811 1217 1863 Gord.
1252 1815 1394 1874 3124
1442 1810 1593 1877 quod
1633 1810 1701 1862 de
1743 1809 1797 1863 C.
1832 1785 2066 1863 Caesare
2113 1811 2414 1864 memoriae
2463 1811 2737 1864 traditum

444 1893 546 1955 081,
594 1892 699 1943 hoc
747 1889 920 1944 etiam
969 1890 1039 1943 de
1078 1889 1359 1943 Gordiano
1413 1889 1622 1943 Cordus
1672 1890 1924 1943 euenisse
1970 1890 2283 1955 perscribit.
2358 1907 2489 1943 nam
2527 1907 2735 1956 manee,

443 1972 782 2040 quicumque
810 1970 973 2023 illum
1002 1969 1193 2037 gladio
1224 1971 1640 2037 adpetiuerunt‚
1670 1971 1767 2036 qui
1796 1986 1998 2022 nouem
2028 1969 2201 2023 fuisse
2232 1969 2508 2038 dicuntur,
2538 1973 2740 2038 postea

441 2050 831 2120 †interemptis
871 2068 904 2104 a
941 2050 1218 2118 Philippis
1257 2049 1599 2119 (interempti
1638 2052 1770 2103 811111
1807 2066 1840 2102 a
1878 2049 2153 2118 Philippis
2203 2053 2301 2103 aut
2342 2052 2595 2119 Madvig)
2636 2067 2737 2103 sua

439 2148 612 2184 manu
651 2132 877 2199 suisque
916 2130 1121 2199 gladiis
1161 2132 1218 2183 et
1255 2131 1460 2197 isdem,
1505 2130 1709 2197 quibus
1746 2129 1905 2182 illum
1943 2132 2349 2198 percusserant,
2388 2131 2739 2183 interemisse

440 2215 586 2280 <80>
626 2211 901 2280 (interisse
940 2212 1112 2282 uuly.)
1154 2210 1430 2265 dicuntur.

588 2378 618 2424 3
658 2375 716 2425 et
761 2389 861 2426 om.
902 2370 974 2423 X'
1017 2371 1166 2439 (add.
1206 2370 1296 2439 8²)
1441 2377 1472 2424 8
1511 2374 1597 2424 est
1642 2389 1742 2425 om.
1787 2373 1838 2424 V

583 2454 787 2507 subscr.
837 2469 882 2505 0.
923 2452 1142 2505 suetoni
1189 2450 1487 2519 tranquilli
1533 2451 1602 2504 de
1651 2451 1772 2504 uita
1818 2455 2012 2504 caesai
2046 2450 2191 2503 liber
2226 2450 2437 2518 primus
2468 2448 2610 2517 expl.
2651 2448 2729 2500 in·

440 2532 585 2602 cipit
623 2532 786 2585 diuus
827 2534 1098 2600 augustus
1135 2531 1282 2584 liber
1319 2531 1595 2584 secundus
1634 2530 1876 2584 feliciter
1907 2534 1980 2585 M
2012 2538 2060 2584 et
2098 2533 2223 2583 item
2259 2532 2370 2597 fere
2403 2531 2450 2583 V
2483 2532 2579 2597 qui
2606 2530 2732 2582 add.

441 2630 635 2679 amen,
671 2614 790 2666 sim.
822 2612 996 2666 PO'I‘
1038 2610 1301 2681 (feliciter
1336 2629 1435 2665 om.
1473 2611 1604 2677 Or,
1642 2611 1897 2664 octauius
1930 2628 2035 2678 pro
2074 2611 2238 2663 diuus
2277 2612 2547 2678 augustus
2582 2613 2646 2677 0)

439 2692 615 2746 iulius
654 2709 810 2764 cesar
848 2691 1092 2761 explicit.
1132 2691 1332 2759 incipit
1371 2691 1534 2743 diuus
1575 2695 1845 2760 augustus
1879 2692 1929 2745 G
2074 2689 2305 2758 explicit
2332 2690 2477 2742 liber
2504 2690 2732 2757 primus.

439 2773 647 2842 incipit
667 2774 736 2825 de
757 2772 889 2825 diuo
910 2773 1001 2841 (de
1022 2772 1153 2826 diuo
1174 2789 1273 2825 om.
1298 2773 1339 2825 S
1354 2774 1421 2840 T)
1454 2770 1598 2823 liber
1617 2772 1891 2824 secundus
1915 2771 2004 2838 (de
2025 2770 2322 2823 octauiano
2344 2771 2470 2823 add.
2502 2773 2570 2838 Τ)
2594 2770 2748 2822 LST
