3325 5209
594 398 727 462 284
961 397 1017 450 C.
1058 395 1373 450 SVETONI
1408 394 1855 459 TRANQVILLI
1892 393 2133 449 GALBA
2172 406 2303 454 [cn.
2336 406 2512 455 21—23]

488 558 573 625 21
775 558 1036 624 Statura
1097 559 1223 624 fuit
1295 559 1490 639 iusta,
1564 558 1775 642 capite
1848 557 2215 642 praecalu0‚
2289 556 2493 622 oculis
2567 557 2891 640 caeruleis,

596 666 842 731 adunco
888 689 1073 750 nas0‚
1132 666 1429 730 manibus
1475 665 1875 750 pedibusque
1923 664 2249 728 articulari
2304 663 2533 728 morbo
2578 664 2890 729 distortis-

596 775 802 856 simis‚
863 779 936 838 ut
989 794 1197 857 neque
1244 774 1527 837 calceum
1572 772 1824 856 perpeti
1869 793 2078 855 neque
2124 769 2378 835 libellos
2425 770 2723 835 euoluere
2782 775 2894 835 aut

594 886 808 945 tenere
856 880 1119 945 omnino
1165 879 1426 943 ualeret.
1512 883 1878 943 excreuerat
1932 878 2127 942 etiam
2175 879 2243 941 in
2290 876 2648 943 dexteriore
2693 877 2895 942 latere

594 988 731 1051 eius
769 1009 914 1051 caro
953 985 1549 1070 praependebatque
1587 985 1744 1049 adeo
1776 988 1848 1049 ut
1885 1006 2071 1070 aegre
2100 983 2298 1048 fascia
2336 983 2891 1071 substringeretur.
2954 1008 2986 1049 ⁶

489 1092 575 1157 22
774 1091 916 1157 Cibi
962 1093 1225 1176 plurimi
1272 1091 1562 1175 traditur,
1610 1112 1801 1174 quem
1848 1094 2135 1174 tempore
2183 1089 2453 1155 hiberno
2505 1092 2701 1155 etiam
2748 1094 2896 1155 ante

594 1202 805 1264 lucem
864 1221 1086 1283 capere
1147 1202 1510 1281 consuerat,
1575 1198 1745 1261 inter
1803 1220 2021 1262 cenam
2081 1219 2236 1261 uero
2298 1218 2501 1280 usque
2565 1219 2640 1261 eo
2702 1197 2897 1261 abun-

595 1307 917 1389 danti<s>,
989 1310 1063 1370 ut
1135 1309 1471 1391 congestas
1545 1327 1738 1388 super
1812 1327 2037 1370 manus
2111 1305 2420 1387 reliquias
2499 1304 2897 1370 circumferri

593 1522 739 1584 nior
766 1523 831 1583 et
859 1541 968 1584 eos
997 1542 1128 1583 non
1155 1519 1281 1583 nisi
1310 1519 1658 1602 praeduros
1690 1518 2129 1602 exoletosque3
2165 1516 2456 1582 ferebant
2484 1519 2551 1582 in
2580 1517 2896 1602 Hispania
2929 1543 2993 1583 ιο

592 1625 832 1691 Icelum
897 1650 931 1691 e
987 1625 1310 1691 ueteribus
1367 1625 1741 1690 concubinis
1798 1625 1875 1689 de
1922 1624 2199 1695 Neronis
2296 1623 2440 1689 -itu
2493 1627 2897 1690 nuntiantem

592 1754 724 1796 non
770 1732 962 1795 modo
1019 1732 1354 1795 artissimis
1410 1732 1643 1795 osculis
1705 1731 1917 1815 palam
1970 1738 2304 1816 exceptum
2354 1783 2376 1800 „
2521 1750 2612 1813 sc,
2673 1731 2782 1797 sed
2827 1735 2900 1795 ut

594 1840 745 1902 sine·
776 1860 957 1902 mora
1003 1837 1349 1903 uelleretur
1394 1843 1643 1902 oratum
1693 1842 1886 1920 atque
1934 1838 2287 1904 seductum.

487 1943 574 2010 23
776 1945 976 2010 Periit
1022 1945 1214 2009 tertio
1252 1949 1318 2009 et
1356 1945 1827 2030 septuagesimo
1876 1947 2102 2009 aetatis
2141 1966 2328 2029 anno,
2376 1945 2633 2028 imperii
2681 1966 2899 2007 mense

593 2053 885 2135 septimo.
971 2056 1256 2134 senatus,
1310 2056 1382 2115 ut
1429 2052 1711 2135 primum
1766 2052 2017 2116 licitum
2069 2057 2193 2135 est,
2248 2057 2529 2117 statuam
2581 2053 2640 2116 ei
2689 2050 2898 2116 decre·
2930 2074 2988 2116 ιτ,

591 2162 774 2222 uerat
820 2163 1133 2223 rostratae
1172 2160 1503 2223 columnae
1541 2163 2012 2241 superstantem
2061 2159 2128 2223 in
2173 2164 2355 2243 parte
2400 2159 2549 2242 fori,
2595 2181 2722 2242 qua
2767 2162 2899 2222 tru-

593 2266 842 2330 cidatus
904 2270 1027 2349 est3
1089 2265 1198 2330 sed
1259 2266 1584 2330 decretum
1640 2263 2075 2348 Vespasianus
2136 2265 2421 2331 aboleuit
2485 2286 2899 2349 percussores

593 2373 717 2436 sibi
764 2396 842 2437 ex
887 2371 1204 2455 Hispania
1250 2373 1317 2435 in
1363 2370 1663 2436 Iudaeam
1713 2371 2086 2437 submisisse
2134 2375 2448 2456 opinatus.

736 2536 784 2583 6.
824 2538 854 2583 9
905 2532 1057 2598 Epit.
1092 2536 1143 2595 6,
1171 2534 1209 2581 2
1263 2528 1322 2580 in
1371 2528 1757 2582 adulescentes
1820 2529 2221 2599 (adolescentia
2275 2531 2387 2584 cod.
2431 2531 2693 2596 Landolfi
2741 2548 2808 2583 m.
2845 2534 2900 2595 2,

592 2610 933 2664 adolescen*
963 2628 1030 2663 m.
1064 2614 1115 2678 1)
1146 2609 1390 2674 infamis,
1430 2609 1502 2661 ad
1532 2610 1872 2662 uescendum
1899 2610 2278 2678 intemperans
2309 2610 2434 2663 fuit.
2557 2616 2623 2663 14
2652 2612 2889 2679 Eutrop.

603 2691 729 2744 VII
750 2695 839 2756 16,
871 2695 901 2742 1
941 2706 1067 2741 cum
1105 2689 1580 2759 septuagesimum
1620 2692 1679 2742 et
1715 2690 1947 2743 tertium
1977 2707 2186 2743 annum
2216 2693 2409 2759 ageret
2447 2691 2669 2744 aetatis.
2739 2696 2825 2756 16,
2861 2695 2894 2743 3

593 2770 808 2823 occisus
856 2771 941 2822 est
977 2768 1202 2838 imperii
1249 2785 1439 2822 mense
1489 2769 1745 2837 septimo.
1813 2772 1882 2835 ef.
1926 2772 2057 2824 Vict.
2094 2772 2240 2824 Caes
2274 2776 2324 2833 6,
2358 2775 2392 2823 3
2428 2786 2620 2824 mense
2666 2769 2898 2838 imperii

592 2866 657 2902 ac
697 2849 789 2903 die
827 2849 1081 2918 septimo,
1149 2850 1304 2918 Epic.
1338 2855 1388 2915 6,
1417 2855 1450 2902 4
1489 2866 1615 2903 cum
1654 2850 2130 2919 septuagesimum
2169 2850 2397 2905 tertium
2438 2850 2644 2904 aetatis
2683 2866 2888 2903 annum

592 2932 801 2999 ageret.
878 2935 927 2996 6,
959 2935 989 2982 1
1036 2929 1338 2998 imperauit
1382 2946 1599 2983 menses
1648 2933 1890 2997 septem,
1954 2931 2070 2983 dies
2120 2931 2371 2984 totidem.
2444 2934 2594 2985 Oros,
2638 2932 2760 2985 VII
2778 2936 2830 2995 8,
2866 2937 2895 2983 1

592 3027 718 3063 cum
757 3027 867 3077 quo
907 3011 1148 3079 (Pisone)
1187 3008 1426 3079 septimo
1463 3026 1653 3063 mense
1693 3009 1917 3078 imperii
1966 3011 2052 3063 sui
2092 3011 2162 3064 ab
2204 3010 2422 3064 Othone
2461 3011 2749 3080 iugulatus
2788 3012 2897 3064 est.

735 3159 765 3204 2
796 3153 1035 3221 pedibus
1064 3152 1435 3219 manibusque
1457 3154 1504 3203 G
1617 3158 1646 3204 3
1678 3169 1858 3219 neque
1890 3157 2036 3219 (ante
2063 3152 2306 3219 libellos)
2329 3155 2432 3219 Ga,
2462 3170 2532 3206 ne
2552 3154 2635 3209 M.
2666 3168 2768 3205 nec
2796 3154 2896 3207 rel.

592 3234 750 3301 (edd.)
926 3239 957 3285 5
996 3234 1149 3303 caro]
1187 3233 1367 3301 gybus
1398 3233 1494 3298 ΠΙ,
1546 3232 1752 3301 gibbus
1789 3233 1857 3302 Q,
1907 3232 1973 3285 a}
2010 3249 2139 3286 caro
2178 3233 2278 3300 11²,
2326 3233 2530 3302 gibbus
2567 3233 2659 3286 uel
2699 3249 2825 3286 caro
2860 3250 2893 3292 ς

593 3318 620 3364 7
662 3315 1028 3367 consueuerat
1066 3314 1185 3366 ΡΝ
1357 3313 1496 3365 adeo
1532 3313 1577 3381 Q
1757 3313 2099 3366 abundantis
2144 3314 2438 3379 GraeviuS,
2494 3313 2808 3367 abundanti
2840 3316 2893 3367 a
3004 3364 3011 3371 .

591 3396 636 3456 (s
665 3410 838 3460 supra
857 3393 904 3445 ti
925 3393 968 3448 S
983 3411 1050 3446 m.
1067 3397 1121 3458 2,
1151 3400 1199 3446 et
1226 3391 1520 3445 abundans
1543 3396 1610 3461 ς),
1642 3392 2030 3445 abundancius
2062 3396 2181 3463 (om.
2203 3410 2379 3461 usque
2410 3396 2496 3463 eo)
2517 3397 2569 3460 ὃ,
2598 3393 2890 3446 abundan-

588 3474 705 3524 tem
745 3474 893 3543 παῖς.
934 3476 1130 3542 (usque
1170 3471 1263 3525 ab·
1303 3474 1381 3526 ed.
1417 3474 1642 3526 Mediol.
1676 3477 1833 3537 1475,
1872 3490 2048 3540 usque
2088 3491 2151 3527 eo
2181 3473 2277 3527 ab·
2309 3476 2452 3528 Bon.
2484 3477 2672 3543 1488),
2713 3474 2887 3527 abun-

591 3552 789 3605 danter
821 3553 1056 3620 Gruter„
1097 3552 1334 3605 abutens
1365 3555 1434 3620 (et
1462 3561 1576 3607 tum
1605 3552 1816 3622 subter)
1852 3554 2087 3621 Gujetus
2230 3561 2261 3606 9
2291 3553 2518 3607 libidini
2553 3556 2724 3619 Toron,
2763 3553 2844 3606 lib
2857 3554 2905 3605 i-

591 3632 816 3686 dinibus
838 3635 1104 3688 Booehorn
1216 3631 1492 3701 pronioris
1513 3633 1692 3701 Steph.
1725 3635 1812 3702 (cf.
1845 3636 1965 3687 uita
1992 3635 2144 3706 Very.
2167 3653 2225 3703 p.
2250 3640 2323 3688 56
2346 3635 2436 3704 R.)
2549 3640 2610 3685 11
2643 3634 2889 3687 hicelum

590 3713 687 3781 (ic-
708 3713 777 3779 T)
790 3716 856 3778 X,
878 3711 1155 3765 ehicelum
1172 3713 1244 3765 M
1246 3712 1351 3763 GT
1369 3714 1386 3780 <
1387 3714 1448 3765 in
1465 3712 1535 3763 M
1548 3714 1649 3766 sic:
1683 3711 1977 3780 hispaniae
1996 3714 2089 3767 hic
2110 3714 2330 3782 elume)‚
2352 3714 2495 3787 e<t>
2517 3714 2601 3767 Ic-
2620 3715 2891 3769 Racheler

730 3793 932 3845 subscr.
982 3808 1024 3845 c.
1058 3791 1277 3845 suetoni
1305 3791 1600 3859 tranquilli
1632 3793 1700 3845 de
1729 3792 1852 3846 uita
1881 3809 2169 3847 caesarum
2198 3793 2371 3864 galba
2399 3794 2645 3863 explicit.
2684 3794 2892 3863 incipit

589 3873 722 3925 otho
768 3870 1011 3925 feliciter
1051 3874 1120 3926 M
1165 3878 1214 3925 et
1256 3875 1373 3926 sim.
1421 3872 1643 3928 GPHR
1697 3872 1957 3941 (feliciter
2004 3891 2103 3928 om.
2150 3876 2286 3941 GR,
2343 3874 2630 3943 incipit—
2653 3873 2902 3928 feliciter

589 3971 688 4007 om.
720 3955 791 4022 P)
965 3952 1198 4021 explicit
1235 3951 1418 4021 galba.
1460 3951 1661 4021 incipit
1700 3954 1832 4007 otho
1871 3953 2115 4007 feliciter
2150 3955 2195 4024 Q
2375 3954 2609 4023 explicit
2645 3953 2744 4007 lib.
2775 3953 2897 4008 VII.

589 4034 792 4102 incipit
829 4033 898 4086 de
936 4033 1141 4086 othone
1178 4032 1276 4085 lib.
1308 4031 1437 4085 V111
1469 4034 1564 4086 LS
1599 4033 1692 4101 (de
1731 4033 1938 4087 othone
1976 4050 2077 4088 om.
2112 4035 2179 4102 S)
