3325 5209
539 562 566 607 2

502 1182 591 1246 42

506 2140 598 2205 43

611 380 734 443 188
1311 378 1366 432 C.
1409 378 1725 432 SVETONI
1762 340 2207 442 TRAN'QVILLI

610 541 897 607 Caesaris
952 542 1213 607 reditus.
1310 564 1384 606 ac
1428 564 1510 606 ne
1567 565 1644 605 ex
1699 542 1848 606 lusu
1908 541 2165 625 quidem
2226 541 2400 605 aleae
2459 541 2911 624 compendium

607 670 913 733 spernens
971 649 1118 732 plus
1173 648 1505 713 mendacio
1563 653 1756 732 atque
1804 649 1998 713 etiam
2046 648 2328 731 periurio
2375 648 2762 712 lucrabatur.
2846 652 2912 711 et

608 755 931 839 quondam
986 756 1284 838 proximo
1341 755 1671 820 conlusori
1724 755 2103 818 demandata
2166 754 2307 818 uice
2363 777 2479 819 sua
2531 776 2909 839 progressus

608 864 676 926 in
714 862 948 926 atrium
988 862 1233 945 domus,
1280 883 1425 926 cum
1463 861 1930 946 praetereuntis
1968 862 2127 925 duos
2171 863 2419 945 equites
2457 860 2531 924 R.
2570 861 2911 944 locupletis

609 970 745 1033 sine
794 991 974 1033 mora
1019 969 1258 1052 corripi
1305 969 1767 1051 confiscarique
1815 968 2133 1051 iussisset,
2189 968 2482 1032 exultans
2537 968 2729 1033 rediit
2775 968 2909 1054 glo·
2966 993 2995 1033 5

606 1078 907 1158 riansque
952 1097 1305 1158 numquam
1352 1097 1419 1139 se
1464 1076 1871 1159 prosperiore
1917 1075 2056 1139 alea
2100 1097 2304 1138 usum.

788 1181 956 1246 Filia
1001 1204 1155 1246 uero
1208 1186 1363 1245 nata
1408 1185 1855 1265 paupertatem
1911 1204 2029 1246 nec
2084 1182 2212 1245 iam
2261 1183 2675 1266 imperatoria
2720 1183 2910 1247 modo

609 1289 719 1354 sed
767 1294 830 1353 et
885 1289 1095 1372 patria
1152 1310 1550 1371 conquerens
1607 1310 1802 1353 onera
1857 1287 2253 1353 conlationes
2300 1289 2369 1352 in
2416 1288 2792 1354 alimonium
2839 1310 2913 1353 ac

610 1396 826 1459 dotem
873 1396 1125 1479 puellae
1172 1396 1431 1478 recepit.
1515 1395 1717 1458 edixit
1763 1399 1828 1458 et
1884 1400 2129 1459 strenas
2187 1397 2446 1458 ineunte
2493 1418 2659 1460 anno
2708 1417 2774 1459 se
2820 1417 2918 1463 re-.

610 1506 946 1585 cepturum
994 1502 1302 1585 stetitque
1357 1502 1426 1564 in
1480 1500 1806 1566 uestibulo
1862 1501 2114 1567 aedium
2162 1501 2303 1565 Kal.
2352 1499 2483 1566 Ian.
2532 1502 2613 1565 ad
2657 1505 2912 1585 captan-
2945 1528 2999 1566 ιο

611 1610 724 1673 das
790 1609 1019 1699 stipes,
1083 1630 1241 1691 quas
1306 1609 1515 1692 plenis
1579 1612 1728 1672 ante
1794 1630 1939 1672 eum
2000 1607 2298 1672 manibus
2360 1630 2433 1672 ac
2493 1610 2638 1672 sinu
2703 1610 2912 1672 omnis

613 1715 864 1799 generis
938 1716 1129 1779 turba
1200 1715 1530 1779 fundebat.
1630 1715 1987 1780 nouissime
2055 1715 2541 1779 contrectandae
2605 1715 2912 1799 pecuniae

614 1821 912 1905 cupidine
968 1822 1292 1905 incensus,
1353 1843 1541 1905 saepe
1602 1843 1794 1905 super
1854 1822 2198 1887 immensos
2256 1844 2592 1887 aureorum
2654 1843 2912 1886 aceruos

612 1928 1061 2013 patentissimo
1110 1928 1377 1993 diffusos
1433 1927 1577 1993 loco
1626 1932 1691 1991 et
1735 1928 1927 1992 nudis
1982 1929 2254 2012 pedibus
2302 1930 2616 2012 spatiatus
2664 1933 2728 1992 et
2772 1932 2910 1993 toto

612 2057 877 2119 corpore
925 2035 1319 2118 aliquamdiu
1365 2035 1700 2098 uolutatus
1748 2041 1861 2099 est.
2944 2061 2999 2099 ιε»

794 2141 1096 2206 Militiam
1155 2163 1385 2225 resque
1446 2142 1708 2208 bellicas
1778 2142 1973 2206 semel
2033 2143 2251 2229 attigit
2313 2164 2521 2226 neque
2587 2164 2665 2206 ex
2726 2143 2914 2205 desti-

611 2253 782 2332 nate,
832 2249 942 2313 sed
988 2271 1130 2312 cum
1179 2250 1258 2312 ad
1304 2249 1641 2314 uisendum
1681 2271 1906 2313 nemus
1945 2250 2310 2332 flumenque
2351 2247 2663 2313 Clitumni
2700 2249 2913 2312 Meua-

613 2356 784 2420 niam
814 2357 1250 2439 processisset,
1288 2355 1655 2419 admonitus
1695 2357 1771 2419 de
1810 2356 2167 2440 supplendo
2204 2378 2472 2420 numero
2503 2356 2934 2438 Batauorum,

615 2484 776 2545 quos
814 2464 982 2527 circa
1019 2485 1086 2527 se
1124 2462 1419 2546 habebat,
1457 2463 1889 2547 expeditionis
1919 2448 2329 2527 Germanicae
2367 2464 2677 2547 impetum
2717 2464 2914 2546 cepit3

611 2591 820 2652 neque
866 2569 1145 2652 distulit,
1195 2571 1304 2633 sed
1350 2569 1716 2655 legionibus
1773 2574 1837 2633 et
1883 2569 2139 2633 auxiliis
2195 2571 2478 2653 undique
2525 2570 2779 2653 excitis,
2826 2569 2914 2632 di·
2944 2593 3002 2631 20

613 2675 887 2739 lectibus
933 2676 1176 2760 ubique
1222 2677 1629 2741 acerbissime
1677 2678 1863 2758 actiS,
1918 2681 2248 2740 contracto
2295 2681 2359 2739 et
2407 2678 2615 2742 omnis
2665 2678 2915 2762 generis

617 2787 972 2847 commeatu
1021 2787 1261 2865 quanto
1308 2805 1658 2866 numquam
1707 2786 1912 2866 antea,
1958 2785 2081 2847 iter
2116 2784 2443 2871 ingressus
2481 2788 2579 2848 est
2617 2783 2915 2848 confecit-

617 2911 740 2971 que
777 2889 968 2954 modo
1006 2893 1139 2954 tam
1177 2890 1556 2953 festinanter
1604 2894 1668 2952 et
1714 2888 1953 2973 rapide,
1999 2895 2072 2953 ut
2118 2892 2564 2973 praetorianae
2613 2890 2911 2955 cohortes

618 2999 840 3060 contra
886 3018 1132 3061 morem
1179 2996 1365 3082 signa
1410 2997 1712 3061 iumentis
1758 2998 2086 3080 imponere
2134 3002 2198 3060 et
2245 2999 2337 3060 ita
2385 2996 2687 3080 subsequi
2735 2988 2917 3081 coge-

614 3106 853 3186 rentur,
899 3104 1220 3168 interdum
1269 3105 1424 3168 adeo
1474 3104 1758 3187 segniter
1814 3103 2235 3187 delicateque,
2289 3107 2364 3168 ut
2411 3104 2763 3187 octaphoro
2812 3125 2916 3166 ue·
2948 3125 3002 3165 25

615 3210 875 3274 heretur
929 3214 1121 3294 atque
1168 3233 1206 3274 a
1250 3212 1755 3294 propinquarum
1814 3210 2071 3274 urbium
2126 3210 2314 3294 plebe
2370 3212 2536 3275 uerri
2595 3210 2720 3274 sibi
2775 3212 2915 3273 uias

617 3321 683 3381 et
729 3317 1064 3401 conspergi
1110 3320 1375 3401 propter
1418 3318 1751 3400 puluerem
1800 3317 2097 3402 exigeret.

764 3480 828 3526 19
860 3475 1094 3541 Eum-op.
1128 3475 1249 3526 VII
1274 3478 1359 3540 12,
1388 3478 1426 3526 2
1451 3473 1666 3526 bellum
1706 3476 1899 3527 contra
1929 3472 2234 3526 Germanos
2274 3475 2520 3541 suscepit
2548 3477 2605 3527 et
2632 3474 2915 3545 ingressus

622 3553 887 3607 Suebiam
923 3554 1068 3606 nihil
1106 3557 1328 3607 strenue
1365 3553 1515 3606 fecit.
1597 3555 1745 3608 Oros,
1774 3555 1897 3607 VII
1918 3558 1969 3620 5,
1992 3558 2024 3606 5
2062 3553 2156 3606 hic
2194 3554 2471 3621 siquidem
2502 3570 2709 3624 magno
2739 3557 2796 3607 et
2832 3554 2914 3607 in-

620 3634 878 3687 credibili
926 3637 1204 3703 apparatu
1248 3633 1534 3702 profectus
1580 3650 1850 3701 quaerere
1895 3634 2115 3686 hostem
2160 3634 2378 3686 uiribus
2425 3634 2649 3700 otiosis,
2689 3633 2915 3688 Germa-

619 3714 772 3767 niam
820 3713 1176 3781 Galliamque
1214 3730 1559 3782 percurrens‚
1606 3715 1666 3766 in
1714 3730 1811 3766 ora
1851 3713 2059 3770 Oceani
2108 3714 2256 3766 circa
2298 3717 2657 3783 prospectum
2695 3715 2916 3767 Britan-

618 3794 746 3847 niae
783 3795 1009 3848 restitit.

762 3953 793 4000 8
816 3945 1141 4001 alimoniam
1162 3945 1476 4015 HQP²TN‚
1499 3945 1618 3998 -uia
1634 3945 1702 3998 8²
1793 3946 1882 4016 ac]
1905 3949 1961 3999 et
1976 3946 2026 3998 G
2119 3952 2149 3998 9
2173 3945 2245 3998 Et
2264 3945 2407 3998 dixit
2425 3947 2544 4000 GN
2548 3946 2565 3976 ¹
2658 3950 2724 3997 10
2743 3945 2915 3999 uesti-

617 4027 738 4082 buli
777 4028 962 4082 medio
997 4028 1048 4079 G
1176 4031 1240 4079 13
1278 4025 1527 4078 incessus
1559 4025 1770 4094 MQ¹6s
1809 4025 2066 4094 (cupidus
2099 4042 2204 4092 pro
2242 4026 2506 4094 cupidine
2534 4025 2794 4079 incensus
2825 4027 2918 4093 H)

624 4113 685 4161 17
728 4107 986 4160 clitumin
1034 4105 1155 4175 (eli-
1178 4108 1249 4174 L)
1291 4106 1493 4171 MGX,
1542 4104 1801 4158 clitumni
1851 4105 2031 4173 (-unni
2070 4107 2144 4173 R)
2193 4106 2252 4158 in
2299 4105 2446 4171 ΥΡΞ,
2494 4123 2629 4159 corr.
2661 4107 2738 4159 ed.
2774 4108 2914 4160 Bon.

622 4193 767 4241 1488
805 4187 1079 4253 (Clitunni
1115 4188 1233 4240 sine
1280 4186 1338 4238 in
1377 4187 1454 4240 ed.
1487 4186 1643 4239 Rom.
1677 4187 1770 4253 ΙΙ)
1969 4191 2034 4237 22
2075 4188 2315 4253 quantos
2356 4185 2568 4240 MH²R
2750 4190 2919 4239 antea

620 4268 729 4319 iter
762 4267 1016 4332 Gronov„
1047 4269 1179 4319 ante
1210 4265 1354 4319 alter
1381 4269 1450 4333 Ω,
1490 4269 1621 4318 ante
1651 4264 1798 4317 alius
1832 4265 1941 4318 iter
1973 4265 2243 4319 Graevius
2373 4271 2439 4319 25
2470 4266 2824 4338 delicateque
2851 4267 2919 4332 G,

623 4345 862 4399 delicate
895 4348 1115 4412 MLP1,
1154 4349 1210 4399 et
1239 4346 1482 4398 delicate
1518 4344 1669 4400 Ί”Ρ2
1708 4346 1865 4414 (edd.)
2031 4350 2097 4399 26
2137 4349 2307 4413 atque
2341 4347 2399 4416 a]
2440 4350 2609 4414 atque
2642 4348 2920 4413 MGLP‘,

623 4442 768 4493 aque
799 4427 1029 4495 Bentley
1065 4427 1243 4480 nescio
1273 4444 1348 4479 an
1375 4429 1573 4480 rectius
1719 4431 1782 4478 27
1825 4428 1882 4479 et
1912 4442 2059 4493 aqua
2088 4425 2340 4495 inspergi
2370 4428 2440 4480 H
2471 4430 2640 4496 (aqua
2668 4428 2921 4481 uoluerat

621 4510 781 4561 etiam
820 4507 1107 4574 Heinsius)
