3325 5209
572 401 703 466 336
1268 399 1329 456 C.
1368 399 1684 454 SVETONI
1721 399 2163 464 TRANQVILLI

572 569 828 648 reptum
857 566 1041 651 graui
1070 562 1444 646 ualitudine,
1485 564 1664 647 prius
1696 585 1888 646 quam
1916 564 2107 647 plane
2135 564 2384 627 efflaret
2413 566 2711 648 animam,
2747 587 2865 648 pro

575 672 831 736 mortuo
879 672 1084 736 deseri
1129 670 1347 754 iussit3
1396 669 1899 752 defunctumque
1945 668 2124 734 nullo
2163 674 2612 755 praeterquam
2650 693 2866 736 conse-

576 780 878 844 erationis
933 778 1178 842 honore
1235 777 1562 887 dignatus,
1624 798 1812 860 saepe
1867 778 2060 840 etiam
2117 778 2355 860 carpsit
2402 778 2684 861 obliquis
2731 801 2867 843 ora·-

575 886 859 950 tionibus
909 889 972 950 et
1018 885 1256 949 edictis

500 993 545 1058 3
754 992 932 1057 Inter
994 993 1182 1056 initia
1243 992 1642 1076 principatus
1708 991 1943 1055 cotidie
1998 996 2313 1056 secretum
2374 992 2500 1056 sibi
2564 992 2865 1057 horarum

573 1121 821 1166 sumere
880 1100 1129 1164 solebat
1184 1119 1302 1162 nec
1358 1098 1704 1184 quicquam
1751 1099 2026 1182 amplius
2074 1121 2264 1182 quam
2312 1121 2563 1164 muscas
2611 1103 2867 1185 captare

572 1228 644 1269 ac
700 1206 849 1270 stilo
913 1209 1257 1289 praeacuto
1305 1207 1641 1291 configere,
1701 1209 1775 1269 ut
1832 1205 2082 1270 cuidam
2128 1207 2571 1291 interroganti,
2619 1211 2868 1272 essetne

575 1314 719 1396 quis
775 1315 949 1378 intus
998 1335 1144 1377 cum
1193 1311 1477 1396 Caesare,
1537 1334 1668 1376 non
1715 1312 1988 1377 absurde
2033 1334 2409 1397 responsum
2459 1314 2542 1377 sit
2587 1337 2625 1377 a
2669 1313 2866 1378 Vibio

576 1418 829 1504 CrispO,
874 1443 965 1484 ne
1012 1441 1341 1484 muscam
1390 1419 1710 1502 quidem.
1795 1418 2020 1483 deinde
2067 1442 2332 1485 uxorem
2371 1419 2742 1504 Domitiam,
2788 1443 2866 1485 ex

577 1548 706 1609 qua
751 1527 819 1589 in
868 1527 1145 1591 secundo
1195 1548 1310 1590 suo
1369 1526 1705 1591 consulatu
1759 1526 1966 1590 filium
2021 1526 2259 1590 tulerat
2313 1526 2642 1611 alteroque
2697 1549 2864 1591 anno

570 1635 612 1717 <
617 1684 855 1697 ......
858 1634 915 1717 >,
964 1633 1399 1698 consalutauit
1453 1631 1846 1718 Augustam3
1917 1633 2182 1697 eandem
2228 1633 2477 1698 Paridis
2536 1634 2866 1699 histrionis

577 1763 794 1805 amore
834 1739 1227 1823 deperditam
1264 1739 1631 1823 repudiauit
1670 1741 1966 1825 intraque
2004 1739 2200 1805 breue
2245 1744 2501 1824 tempus
2549 1743 2866 1825 inpatiens

576 1847 830 1913 discidii
878 1849 1063 1931 quasi
1111 1846 1510 1932 efflagitante
1561 1846 1803 1930 populo
1849 1847 2120 1910 reduxit.

502 1971 534 2018 2
755 1952 937 2017 Circa
983 1954 1605 2017 administrationem
1655 1957 1868 2039 autem
1916 1954 2170 2036 imperii
2218 1955 2611 2038 aliquamdiu
2659 1977 2726 2019 se
2764 1978 2868 2018 ua-

573 2063 741 2126 rium
780 2061 1120 2146 praestitit,
1167 2062 1450 2124 mixtura
1487 2048 1743 2145 quoque
1782 2061 2102 2143 aequabili
2147 2061 2456 2126 uitiorum
2503 2065 2696 2144 atque
2742 2062 2867 2125 uir-

571 2173 804 2252 tutum,
852 2168 1054 2233 donec
1101 2168 1372 2231 uirtutes
1421 2189 1679 2252 quoque
1726 2168 1794 2230 in
1838 2168 2000 2231 uitia
2037 2168 2322 2232 deflexit:
2371 2172 2681 2251 quantum
2721 2191 2866 2233 con-

574 2279 809 2341 iectare
846 2277 1016 2358 licet,
1056 2297 1247 2358 super
1284 2275 1529 2358 ingenii
1567 2278 1861 2337 naturam
1900 2274 2119 2359 inopia
2155 2298 2371 2359 rapax,
2407 2280 2583 2340 metu
2620 2297 2864 2339 saeuus.

499 2383 546 2449 4
754 2381 1132 2465 Spectacula
1178 2381 1429 2445 assidue
1476 2382 1817 2466 magnifica
1862 2385 1927 2445 et
1974 2386 2348 2465 sumptuosa
2395 2382 2595 2446 edidit
2631 2403 2761 2446 non
2797 2384 2867 2446 in

577 2489 1053 2574 amphitheatro
1100 2489 1310 2570 modo,
1357 2509 1581 2551 uerum
1629 2491 1696 2551 et
1740 2489 1809 2552 in
1855 2488 2040 2572 circo,
2087 2488 2199 2552 ubi
2237 2492 2487 2573 praeter
2526 2489 2866 2554 sollemnes

717 2690 879 2752 5sqq.
904 2684 1086 2738 Victor
1104 2682 1251 2736 Caes.
1268 2687 1352 2742 11,
1366 2686 1398 2733 5
1420 2680 1623 2735 dehinc
1648 2683 1810 2734 atrox
1838 2682 2102 2735 caedibus
2120 2682 2392 2736 bonorum
2413 2682 2712 2751 segnisque
2730 2683 2865 2734 ridi-

572 2763 696 2817 cule
741 2762 969 2816 remotis
1016 2761 1210 2830 procul
1257 2760 1515 2813 omnibus
1562 2777 1881 2814 muscarum
1929 2761 2155 2831 agmina
2200 2762 2641 2831 persequebatur
2687 2765 2761 2830 (u.
2792 2763 2866 2816 ad

564 2862 623 2911 p.
656 2847 781 2908 352,
811 2844 920 2911 18).
996 2847 1086 2907 11,
1118 2846 1153 2894 6
1189 2841 1430 2908 hincque
1458 2841 1709 2894 iocorum
1736 2842 2028 2910 pleraque:
2068 2859 2198 2895 nam
2230 2843 2586 2910 percontanti
2624 2842 2865 2907 cuidam,

572 2922 924 2992 quispiamne
964 2922 1354 2991 (quisquamne
1391 2922 1505 2975 eod.
1536 2920 1605 2987 P,
1643 2923 1824 2991 Epit.)
1861 2922 1921 2974 in
1959 2922 2173 2990 palatio
2203 2924 2365 2988 esset,
2402 2939 2755 2991 responsum:
2795 2939 2866 2976 ne

570 3020 765 3057 musca
791 3002 1037 3069 quidem,
1066 3002 1176 3054 nisi
1204 3002 1350 3055 forte
1379 3001 1529 3070 apud
1558 3001 1903 3070 palaestram
1923 3004 2060 3070 (sim.
2080 3003 2234 3072 Epit.
2253 3008 2337 3070 11,
2356 3008 2407 3055 6.
2422 3005 2494 3072 8).
2606 3009 2668 3055 11
2687 3004 2868 3058 Victor

574 3085 723 3139 Caes.
743 3089 875 3151 11‚7
893 3099 1093 3136 uxore.
1114 3125 1125 3135 .
1146 3124 1173 3147 .,
1206 3098 1351 3150 quae
1372 3097 1617 3135 amorem
1646 3081 1934 3134 histrionis
1962 3082 2086 3135 uiro
2110 3082 2473 3151 praetulerat.
2531 3084 2864 3151 Epit.11,11

570 3180 741 3217 uxore
779 3162 1027 3216 Domitia
1064 3162 1135 3215 ob
1183 3177 1430 3214 amorem
1466 3160 1688 3214 Paridis
1734 3162 2022 3216 histrionis
2063 3179 2097 3215 a
2141 3162 2396 3232 principe
2440 3163 2717 3216 cruciatus
2754 3162 2865 3216 for-

571 3245 840 3297 midante.
990 3249 1054 3296 14
1072 3260 1191 3309 sqq.
1221 3243 1457 3309 Eutrop.
1500 3242 1620 3295 VII
1638 3246 1730 3309 23,
1760 3248 1790 3295 1
1831 3262 1883 3297 u.
1916 3243 1991 3295 ad
2020 3261 2077 3311 p.
2111 3248 2232 3310 341,
2264 3249 2331 3297 15

716 3429 742 3475 1
786 3421 1006 3475 afflaret
1027 3421 1132 3474 Μὸ
1240 3421 1486 3473 animam
1514 3437 1614 3474 om.
1649 3420 1702 3474 G-
1810 3425 1841 3473 5
1875 3420 2041 3474 initia
2067 3424 2244 3487 ΤΝὸ,
2280 3422 2425 3475 uitia
2446 3424 2795 3478 MHGLPO

571 3507 796 3571 tempus
824 3503 1088 3555 horarum
1119 3520 1167 3567 ς,
1198 3501 1458 3554 horarum
1490 3499 1735 3567 spatium
1765 3502 1878 3555 Ioh.
1912 3502 2179 3556 Saresber.
2219 3503 2419 3556 Polior.
2450 3503 2562 3555 III
2581 3507 2668 3569 14,
2704 3501 2865 3555 hora-

573 3582 720 3634 rium
747 3582 898 3652 wuly.
929 3583 1030 3649 (ed.
1061 3581 1219 3635 Rom.
1251 3582 1327 3634 II
1349 3582 1474 3634 Vera.
1507 3583 1587 3650 Ι),
1624 3580 1894 3634 lararium
1922 3583 1996 3635 Is.
2022 3584 2256 3648 Vossius,
2294 3600 2579 3637 ‘numerum
2607 3583 2867 3637 excidisse

564 3669 734 3730 putat
780 3661 1011 3715 Casaub.
1061 3664 1151 3730 (cf.
1201 3663 1351 3715 Nero
1381 3663 1470 3730 37)
1662 3668 1692 3714 6
1743 3678 2014 3715 summere
2046 3664 2120 3716 M
2309 3661 2573 3732 amplius]
2619 3661 2773 3715 aliud
2802 3662 2871 3714 H

574 3746 604 3793 9
633 3759 884 3794 muscam
914 3742 1155 3808 MHM,
1183 3757 1376 3795 musca
1403 3743 1496 3796 rel.
1527 3749 1579 3795 et
1604 3743 1673 3795 N
1695 3743 1782 3809 (cf.
1809 3744 1997 3796 testim.
2026 3746 2216 3811 supra)
2330 3747 2395 3795 10
2425 3742 2692 3812 secundo]
2720 3741 2863 3795 VIII.

576 3822 845 3876 Graevius
984 3827 1046 3875 11
1069 3821 1449 3876 consalutauit
1469 3823 1615 3877 Roth
1635 3824 1895 3876 lacunam
1913 3829 2039 3890 post
2056 3821 2265 3875 tulerat
2282 3830 2543 3888 statuens,
2573 3822 2866 3876 consulatu

571 3902 863 3957 filium***
891 3901 979 3955 uit
999 3901 1105 3971 (uit
1132 3905 1195 3956 i‘n
1212 3920 1321 3956 ras.
1343 3910 1472 3971 post
1490 3907 1523 3956 3
1543 3905 1632 3957 uel
1658 3908 1694 3957 4
1713 3904 1815 3957 litt.
1845 3906 2048 3972 erasas)
2072 3905 2141 3957 M
2161 3904 2341 3971 (deest
2360 3901 2576 3970 aliquid
2603 3905 2666 3956 iu
2694 3921 2864 3973 mai-9.

572 3986 747 4038 adscr.
777 4002 845 4037 m.
874 3985 1017 4052 rea),
1056 3982 1509 4037 consalutauerat
1542 3984 1609 4035 ut
1643 3988 1703 4036 X
1725 3985 1943 4053 (uum),
1982 3983 2305 4036 consulatus
2344 3984 2451 4052 (-tu
2482 3984 2555 4052 R)
2593 3983 2772 4036 filium
2809 3985 2867 4036 et

576 4064 704 4131 GT3
760 4065 1018 4117 lacunam
1073 4064 1232 4116 uarie
1281 4063 1701 4129 suppleueru‘nt:
1752 4064 2040 4131 alteroque
2092 4080 2237 4116 anno
2290 4063 2362 4117 ab
2414 4064 2520 4117 hoc
2572 4064 2867 4117 consulatu

570 4145 770 4198 filiam:
810 4144 1123 4212 Augustam
1154 4160 1255 4210 eqs.
1291 4143 1578 4207 Graevius,
1615 4142 1789 4196 filiam
1824 4144 2035 4196 tulerat
2072 4143 2361 4210 alteroque
2399 4161 2543 4196 anno
2581 4143 2762 4197 filium
2801 4160 2867 4197 ac

572 4224 1028 4279 consalutauerat
1054 4224 1197 4291 Aug.
1227 4222 1384 4288 oud„
1414 4221 1705 4290 alteroque
1735 4240 1879 4276 anno
1906 4223 2080 4277 filiam
2111 4224 2487 4296 consalutauit
2513 4225 2578 4277 A.
2612 4225 2865 4295 Madvi9‚

572 4304 920 4371 alterumque
957 4301 1181 4371 imperii
1210 4302 1386 4355 altero
1426 4318 1571 4354 anno
1604 4304 1925 4370 Mommsen,
1963 4304 2251 4373 alteroque
2291 4322 2340 4358 a.
2370 4321 2541 4371 quam
2567 4304 2863 4373 imperium

575 4383 813 4450 adeptus
870 4386 957 4437 est
1010 4383 1200 4436 amisit
1254 4399 1347 4451 eyo
1402 4383 1731 4437 conieceram
1785 4384 1974 4437 Herm.
2014 4388 2084 4438 36
2121 4402 2180 4451 p.
2218 4389 2331 4440 292
2512 4390 2577 4437 13
2635 4384 2865 4437 discidit

575 4464 734 4517 MP&
753 4462 923 4532 (S¹?)‚
982 4463 1203 4517 dissidii
1243 4465 1292 4517 Τ
1471 4468 1535 4515 15
1574 4464 1927 4531 mixturaque
1964 4465 2197 4532 Lipsius
2239 4468 2367 4532 fort.
2405 4472 2564 4531 recte,
2620 4465 2863 4518 mixtura

573 4558 747 4609 prope
767 4543 1014 4612 Bentley,
1043 4544 1289 4597 mixtura
1318 4543 1439 4612 (del.
1462 4547 1704 4613 quoque)
1735 4546 2001 4598 Biicheler
2147 4550 2211 4599 18
2241 4545 2540 4612 magnifica
2569 4544 2792 4598 assidue
2819 4547 2869 4597 Τ

2897 1553 2949 1592 10

2897 2087 2948 2127 15
