3325 5209
1119 404 1338 459 DIVVS
1375 404 1758 459 AVGVSTVS
1798 416 1928 465 [off.
1963 417 2082 465 1-3]
2660 406 2747 469 49

447 563 662 629 Tullio
719 567 790 629 in
843 566 1148 650 patricias
1204 567 1523 651 traducta,
1577 568 1961 652 procedente
2016 573 2306 652 tempore
2362 567 2442 631 ad
2493 568 2750 651 plebem

447 693 516 734 se
564 672 840 736 contulit
886 694 960 737 ac
1005 695 1227 736 rursus
1273 695 1508 757 magno
1556 673 1899 739 interuallo
1946 696 2062 758 per
2107 673 2349 740 Diuum
2395 671 2636 742 Iulium
2679 675 2750 738 in

447 778 864 861 patriciatum
902 779 1085 843 redit.
1170 780 1420 863 primus
1466 803 1546 844 ex
1589 779 1713 843 hac
1757 780 2209 867 magistratum
2254 781 2482 864 populi
2527 782 2747 845 suffra-

448 885 557 970 gio
616 887 786 968 cepit
843 883 909 949 G.
956 884 1184 949 Rufus.
1276 887 1332 950 is
1387 887 1792 971 quaestorius
1850 886 1963 952 Cn.
2019 890 2084 951 et
2140 886 2206 951 C.
2252 888 2647 971 procreauit,
2711 911 2749 952 a
2785 906 2817 953 2
2911 905 2932 948 ἐ

391 1015 417 1055 5
449 991 685 1075 quibus
733 991 971 1076 duplex
1007 991 1424 1057 Octauiorum
1469 994 1718 1058 familia
1763 994 2030 1058 defluxit
2068 994 2439 1058 condicione
2478 994 2746 1080 diuersa,
2837 1028 2843 1032 ·

447 1098 766 1182 siquidem
836 1097 1090 1164 Gnaeus
1154 1103 1218 1163 et
1283 1100 1580 1184 deinceps
1649 1101 1731 1164 ab
1797 1123 1872 1165 eo
1945 1100 2183 1184 reliqui
2258 1122 2477 1164 omnes
2540 1100 2747 1167 functi

435 1209 603 1268 sunt
646 1204 1005 1270 honoribus
1063 1207 1357 1290 summis3
1421 1211 1490 1271 at
1544 1205 1611 1271 G.
1669 1208 1937 1289 eiusque
1991 1207 2262 1291 posteri,
2317 1229 2431 1271 seu
2485 1206 2747 1271 fortuna

448 1332 562 1374 seu
634 1311 998 1397 uoluntate,
1065 1312 1133 1376 in
1215 1315 1504 1395 equestri
1587 1313 1809 1378 ordine
1883 1314 2313 1378 constiterunt
2386 1336 2591 1397 usque
2668 1314 2749 1377 ad

448 1416 732 1503 Augusti
786 1423 1054 1503 patrem.
1147 1442 1430 1504 proauus
1467 1420 1751 1505 Augusti
1808 1420 2085 1485 secundo
2123 1420 2368 1484 Punico
2415 1420 2588 1485 bello
2636 1420 2746 1485 sti-

367 1550 420 1589 10
448 1525 682 1607 pendia
745 1525 815 1589 in
877 1524 1099 1591 Sicilia
1152 1527 1451 1591 tribu’nus
1513 1528 1797 1591 militum
1851 1527 2006 1592 fecit
2049 1526 2329 1592 Aemilio
2389 1527 2566 1612 Papo
2632 1528 2747 1592 im-

448 1635 759 1715 peratore.
844 1656 1002 1698 auus
1040 1633 1540 1718 municipalibus
1577 1635 1968 1719 magisteriis
2006 1638 2344 1699 contentus
2381 1634 2746 1698 abundante

447 1738 839 1821 patrimonio
869 1740 1405 1823 tranquillissime
1443 1741 1673 1804 senuit.
1738 1741 1849 1804 sed
1875 1740 2034 1805 haec
2061 1741 2198 1825 alii3
2236 1741 2377 1825 ipse
2403 1741 2742 1827 Augustus
2782 1758 2816 1805 3

447 1845 614 1909 nihil
658 1846 936 1930 amplius
995 1869 1189 1928 quam
1245 1848 1531 1929 equestri
1585 1846 1833 1912 familia
1879 1852 2093 1911 ortum
2143 1870 2210 1911 se
2258 1848 2484 1911 scribit
2529 1846 2746 1912 uetere

449 1972 521 2015 ac
582 1951 931 2037 locuplete,
996 1956 1061 2016 et
1123 1953 1191 2017 in
1259 1976 1387 2036 qua
1450 1954 1699 2038 primus
1765 1957 2026 2019 senator
2079 1958 2261 2039 pater
2316 1976 2471 2017 suus
2531 1955 2745 2019 fuerit.

368 2081 419 2121 15
448 2055 533 2120 M.
580 2055 905 2122 Antonius
959 2059 1335 2122 libertinum
1391 2059 1451 2123 ei
1504 2081 1820 2143 proauum
1876 2060 2249 2143 exprobrat,
2306 2061 2651 2125 restionem
2710 2084 2745 2125 e

448 2185 616 2249 pago
664 2163 982 2249 ThurinO,
1047 2188 1241 2229 auum
1306 2166 1761 2256 argentarium.
1852 2187 1971 2229 nec
2028 2167 2375 2249 quicquam
2440 2166 2613 2230 ultra
2669 2167 2745 2230 de
2821 2184 2848 2210 v

446 2270 734 2353 paternis
780 2269 1064 2357 Augusti
1110 2272 1463 2336 maioribus
1510 2272 1781 2357 repperi.

626 2375 693 2441 O.
741 2376 1046 2442 Octauius
1101 2383 1286 2462 pater
1330 2402 1367 2442 a
1412 2379 1732 2463 principio
1789 2381 2019 2444 aetatis
2075 2384 2141 2443 et
2194 2401 2263 2443 re
2311 2364 2382 2443 et*
2422 2380 2744 2444 existima·
2777 2372 2820 2438 3

446 2484 624 2547 tione
669 2507 904 2570 magna
948 2484 1091 2569 suit,
1137 2490 1213 2549 ut
1258 2485 1557 2568 equidem
1599 2488 1795 2550 mirer
1831 2486 2005 2550 hunc
2043 2508 2305 2570 quoque
2342 2510 2379 2550 a
2413 2487 2743 2551 nonnullis

364 2614 418 2655 so
447 2592 882 2675 argentarium
948 2596 1144 2675 atque
1210 2593 1404 2656 etiam
1469 2593 1637 2656 inter
1703 2592 2017 2658 diuisores
2083 2615 2440 2677 operasque
2495 2615 2743 2676 campe·
2852 2605 2880 2631 V

447 2701 612 2761 stres
674 2699 1034 2784 proditum3
1099 2699 1329 2782 amplis
1396 2700 1566 2762 enim
1632 2699 1984 2764 innutritus
2050 2700 2283 2784 opibus
2344 2698 2624 2764 honores
2680 2704 2744 2763 et

448 2803 719 2888 adeptus
794 2808 891 2869 est
962 2804 1152 2870 facile
1223 2810 1288 2869 et
1361 2807 1617 2892 egregie
1700 2806 2189 2871 administrauit.
2291 2828 2368 2868 ex
2442 2811 2744 2890 praetura

447 2909 886 2974 Macedoniam
925 2911 1190 2976 sortitus
1237 2911 1569 2997 fugitiuos,
1616 2899 1939 2977 residuam
1985 2912 2278 2996 Spartaci
2324 2915 2389 2975 et
2429 2910 2742 2977 Catilinae
2789 2941 2806 2960 ν
2869 2908 2886 2932 ⁷
2907 2907 2928 2920 ⁶
2959 2875 2982 2908 τί

446 3039 734 3101 manum,
789 3016 1254 3103 Thurin[g]um
1309 3040 1538 3103 agrum
1593 3020 1871 3082 tenentis
1927 3020 1996 3082 in
2040 3020 2268 3082 itinere
2294 3018 2581 3103 -deleuit,
2637 3042 2744 3082 ne-
2842 3039 2854 3064 ²

364 3146 418 3187 τε
445 3124 627 3209 gotio
693 3124 818 3188 sibi
882 3126 951 3188 in
1014 3129 1241 3188 senatu
1297 3130 1479 3189 extra
1534 3125 1823 3191 ordinem
1880 3126 2047 3191 dato.
2128 3127 2499 3210 prouinciae
2563 3148 2740 3210 prae·
2779 3137 2811 3184 2

445 3230 572 3294 fuit
619 3253 749 3295 non
795 3231 1043 3295 minore
1088 3232 1338 3296 iustitia
1384 3254 1576 3316 quam
1622 3232 2031 3318 fortitudine3
2082 3255 2360 3317 namque
2405 3232 2620 3297 Bessis
2667 3254 2742 3297 ac
2803 3259 2828 3291 v

590 3537 655 3585 16
693 3532 761 3598 cf.
803 3533 895 3586 Ps.
939 3532 1047 3586 Cic.
1086 3533 1237 3600 epist.
1277 3531 1354 3585 ad
1396 3531 1505 3585 Oct.
1547 3536 1581 3585 9
1620 3532 1777 3584 cuius
1817 3549 1955 3585 auus
1993 3533 2165 3586 fuerit
2201 3532 2569 3603 argentarius.

590 3795 616 3842 1
657 3790 872 3858 patrias
926 3796 977 3844 et
1031 3791 1084 3842 ci
1137 3807 1204 3844 ss.
1255 3791 1351 3857 M,
1406 3790 1677 3859 patricios
1725 3807 1757 3848 ς
1904 3796 1934 3842 2
1972 3807 2178 3858 magno
2224 3789 2524 3845 interuallo
2566 3807 2669 3859 per
2706 3807 2739 3849 ς

444 3870 604 3923 multi
657 3877 706 3923 et
757 3871 837 3923 sic
881 3870 942 3923 in
1002 3871 1056 3923 V
1092 3888 1160 3923 m.
1213 3887 1343 3936 rec„
1405 3887 1612 3940 magno
1678 3870 1977 3924 interuallo
2048 3872 2153 3924 VL
2171 3871 2258 3937 01,
2330 3886 2537 3940 magno
2592 3871 2741 3923 inter

447 3948 702 4017 M(P1.2),
757 3966 966 4019 magna
1018 3950 1080 4002 ui
1133 3966 1233 4019 per
1286 3949 1570 4004 YP²O²T
1610 3952 1836 4019 (magno
1875 3951 1968 4016 Pl,
2022 3952 2085 4003 ui
2128 3966 2231 4018 per
2284 3969 2350 4003 m.
2398 3955 2437 4004 2
2482 3952 2545 4003 i‘n
2589 3953 2740 4019 raa),

443 4045 649 4098 magno
693 4029 993 4082 interuallo
1050 4032 1182 4082 ante
1237 4036 1287 4083 et
1331 4047 1398 4084 ss.
1448 4033 1535 4100 (m.
1576 4029 1670 4100 1.9)
1716 4030 1810 4083 uel
1855 4046 2064 4100 magna
2118 4031 2179 4083 ui
2232 4046 2334 4099 per
2384 4030 2450 4096 S,
2504 4046 2738 4099 magna-

442 4127 671 4180 nimiter
714 4144 817 4195 per
857 4127 907 4180 G
944 4114 1131 4197 (nimit
1165 4146 1204 4199 p
1237 4129 1301 4181 εἴη
1335 4146 1443 4182 ras.
1482 4147 1551 4182 m.
1594 4134 1652 4194 1,
1698 4129 1824 4182 item
1871 4129 2008 4182 diufi
2052 4127 2131 4196 iu)
2278 4134 2309 4181 3
2354 4128 2526 4181 rediit
2567 4128 2747 4182 G'I’T

444 4212 478 4259 4
515 4208 862 4273 quaestorios
895 4224 1104 4276 gneum
1142 4210 1200 4261 et
1227 4208 1420 4277 gaium
1454 4208 1506 4262 G
1651 4213 1718 4261 10
1754 4224 1906 4277 papo
1935 4209 2144 4277 (pappo
2169 4208 2241 4277 G)
2274 4208 2459 4275 GV'I‘,
2495 4207 2666 4276 paulo
2687 4212 2747 4260 X

444 4293 494 4341 et
537 4289 617 4341 sic
661 4289 724 4340 in
763 4305 933 4357 mary.
977 4289 1031 4341 V
1059 4307 1126 4341 m.
1168 4294 1226 4355 1,
1290 4288 1603 4357 **paulo**
1645 4290 1723 4342 M
1761 4290 1945 4353 (binae
1989 4288 2079 4342 uel
2139 4293 2322 4342 ternae
2368 4288 2470 4344 litt.
2513 4292 2737 4354 erasae),

444 4366 614 4434 paulo
641 4368 732 4421 uel
756 4383 905 4436 papo
924 4384 1033 4436 pro
1061 4385 1116 4420 a.
1139 4369 1173 4421 l.
1194 4369 1371 4422 adscr.
1392 4371 1455 4422 in
1472 4369 1661 4423 multis
1685 4385 1718 4427 ς
1847 4374 1912 4421 18
1953 4367 2081 4422 Gaii
2110 4367 2320 4421 octauii
2345 4368 2396 4422 G
2524 4375 2589 4422 21
2621 4384 2739 4421 am—

444 4445 593 4515 plius
633 4446 722 4513 V1,
762 4446 1124 4516 amplissimis
1158 4448 1209 4502 G
1362 4455 1429 4502 22
1470 4450 1577 4520 est]
1618 4450 1704 4502 est
1741 4451 1798 4502 et
1830 4452 1903 4503 M
2053 4454 2119 4501 23
2157 4448 2486 4517 thuringum
2524 4450 2660 4518 (tur-
2680 4448 2737 4515 S,

445 4525 660 4595 tirung—
696 4528 767 4596 T)
797 4530 876 4595 Ω,
912 4545 1048 4582 corr.
1088 4529 1167 4582 ed.
1208 4528 1425 4583 Bonon.
1458 4533 1606 4582 1488
1753 4535 1819 4582 25
1858 4528 1940 4599 in]
1971 4544 2005 4581 a
2036 4531 2341 4583 Mommsen
2369 4530 2456 4596 (P.
2486 4530 2736 4596 Thomas)

552 4624 820 4667 Svnomvs
849 4628 918 4667 ed.
945 4628 1080 4667 Ihm.
1134 4629 1172 4667 Ι.
2275 4624 2309 4669 4
