3325 5209
576 338 707 401 314
1270 333 1325 389 C.
1366 334 1680 390 SVETONI
1716 333 2165 400 TRANQVILLI

575 501 847 583 ideoque
922 522 1004 565 ne
1067 499 1344 583 experiri
1412 498 1673 581 quidem
1737 498 2027 582 auderet,
2103 501 2388 562 extremo
2453 498 2864 563 hortantibus

576 606 798 671 amicis
842 606 1056 690 palam
1101 626 1220 690 pro
1282 605 1583 669 contione
1628 608 1975 687 utrumque
2022 606 2387 688 temptauit,
2435 626 2553 669 nec
2598 611 2867 670 euentus

577 713 795 779 defuit.
894 734 1010 797 per
1054 712 1222 775 idem
1269 715 1525 794 tempus
1570 709 1820 796 Tegeae
1865 710 1933 773 in
1978 708 2361 798 Arc[h]adia
2405 713 2714 777 instinctu
2760 735 2870 776 ua-

574 820 983 885 ticinantium
1039 819 1267 883 effossa
1321 821 1472 882 sunt
1526 821 1775 882 sacrato
1831 818 1975 882 loco
2022 840 2176 882 uasa
2224 820 2436 903 operis
2481 819 2728 903 antiqui
2777 824 2865 884 at-

576 948 699 1010 que
745 927 814 991 in
856 926 937 990 iis
983 925 1283 990 assimilis
1330 922 1729 1008 Vespasiano
1777 925 2010 1010 imago.
2927 951 2955 992 5

485 1040 527 1107 8
753 1041 929 1106 Talis
972 1045 1280 1125 tantaque
1327 1061 1471 1104 cum
1518 1040 1693 1104 fama
1738 1041 1807 1104 in
1852 1040 2078 1104 urbem
2124 1063 2420 1106 reuersus
2468 1045 2610 1107 acto
2650 1041 2727 1104 de
2764 1039 2867 1105 Iu-

574 1149 748 1214 daeis
816 1148 1145 1233 triumpho
1209 1147 1581 1212 consulatus
1644 1150 1791 1211 octo
1852 1146 2058 1211 ueteri
2118 1147 2391 1231 addidit3
2461 1149 2743 1232 suscepit
2803 1152 2868 1212 et

573 1277 905 1319 censuram
953 1277 1027 1320 ac
1071 1277 1187 1339 per
1231 1258 1442 1318 totum
1491 1253 1725 1337 inperii
1769 1258 2024 1337 tempus
2067 1254 2234 1318 nihil
2269 1253 2501 1318 habuit
2538 1255 2866 1338 antiquius

575 1384 766 1445 quam
827 1384 1028 1446 prope
1078 1361 1387 1426 afflictam
1446 1364 1912 1444 nutantemque
1971 1382 2106 1424 rem
2167 1384 2229 1445 p.
2290 1360 2579 1425 stabilire
2637 1361 2866 1446 prim0,

574 1469 798 1533 deinde
855 1473 919 1532 et
966 1490 1207 1533 ornare.
2898 1494 2955 1532 10

504 1601 535 1647 2
751 1583 992 1648 Milites
1054 1606 1202 1668 pars
1270 1584 1578 1648 uictoriae
1642 1583 1903 1666 fiducia,
1975 1605 2124 1667 pars
2193 1582 2584 1668 ignominiae
2649 1584 2868 1648 dolore

574 1692 655 1755 ad
745 1711 999 1755 omnem
1089 1691 1418 1754 licentiam
1508 1690 1965 1773 audaciamque
2054 1694 2522 1774 processerant3
2615 1690 2723 1754 sed
2805 1694 2870 1754 et

574 1798 943 1882 prouinciae
999 1798 1419 1880 ciuitatesque
1472 1796 1744 1879 liberae,
1805 1816 1924 1859 nec
1977 1817 2109 1860 non
2174 1800 2239 1860 et
2303 1818 2501 1881 regna
2559 1797 2869 1881 quaedam

573 1905 1037 1968 tumultuosius
1110 1904 1277 1967 inter
1346 1925 1412 1968 se
1476 1904 1768 1989 agebant.
1907 1925 2102 1985 quare
2166 1896 2697 1968 Vitellianorum'
2733 1904 2872 1986 qui-

574 2012 718 2075 dem
782 2017 846 2075 et
906 2011 1348 2076 exauctorauit
1406 2011 1723 2094 plurimos
1785 2013 1849 2073 et
1909 2011 2218 2093 coercuit,
2273 2010 2699 2095 participibus
2762 2033 2867 2073 au-
2898 2034 2949 2074 15

574 2122 703 2182 tem
767 2116 1075 2182 uictoriae
1136 2118 1291 2182 adeo
1359 2116 1527 2181 1111111
1598 2121 1780 2180 extra
1836 2117 2126 2181 ordinem
2183 2117 2478 2201 indulsit,
2544 2122 2616 2180 ut
2676 2118 2868 2180 etiam

503 2241 534 2287 3
571 2225 867 2310 legitima
938 2225 1224 2308 praemia
1297 2246 1437 2288 sero
1503 2222 1906 2308 persoluerit.
2045 2245 2119 2287 ac
2190 2246 2271 2287 ne
2334 2247 2529 2307 quam
2593 2224 2870 2287 occasio-

571 2353 719 2394 nem
784 2331 1145 2417 corrigendi
1212 2331 1617 2414 disciplinam
1682 2331 2250 2414 praetermitteret,
2324 2329 2870 2395 adulescentulum

571 2439 966 2523 fragrantem
1029 2442 1388 2522 unguentO,
1448 2458 1593 2501 cum
1669 2437 1794 2500 sibi
1866 2458 1984 2520 pro
2059 2438 2403 2520 impetrata
2472 2438 2870 2521 praefectura

573 2544 813 2629 gratias
878 2548 1121 2630 ageret,
1179 2548 1342 2607 nutu
1402 2548 1777 2627 aspernatus
1787 2595 1804 2626 ,
1862 2564 2024 2607 uoce
2079 2544 2270 2606 etiam
2333 2544 2712 2629 grauissima
2777 2545 2869 2606 in·
2898 2570 2952 2609 20

574 2652 849 2735 crepuit:
936 2650 1376 2714 maluissem
1450 2651 1684 2713 alium
1768 2650 2239 2734 oboluisses,
2329 2650 2705 2734 litterasque
2777 2673 2868 2714 re-

572 2760 847 2821 uocauit.
958 2757 1318 2821 classiarios
1392 2779 1574 2839 uero,
1651 2756 1758 2839 qui
1835 2755 1917 2818 ab
1993 2755 2173 2820 Ostia
2255 2761 2318 2820 et
2379 2756 2668 2821 Puteolis
2746 2757 2870 2821 Ro-

570 2886 740 2927 mam
788 2863 1060 2948 pedibus
1105 2886 1220 2947 per
1264 2864 1439 2929 uices
1487 2866 1879 2946 commeant,
1924 2867 2216 2946 petentes
2269 2863 2576 2928 constitui
2622 2862 2867 2946 aliquid

572 2969 696 3033 sibi
774 2970 1054 3034 calciarii
1129 2972 1422 3054 nomine,
1518 2970 1700 3054 quasi
1791 2991 2020 3053 parum
2096 2974 2261 3033 esset
2346 2971 2480 3034 sine
2563 2992 2867 3054 responso

570 3076 880 3162 abegisse,
939 3078 1128 3141 iussit
1188 3078 1458 3160 posthac
1527 3077 1909 3141 excalciatos
1979 3078 2315 3159 cursitare,
2381 3082 2444 3141 et
2504 3099 2581 3140 ex
2642 3098 2716 3141 eo
2777 3077 2868 3140 ita
2897 3103 2949 3143 25

572 3185 904 3247 cursitant.

714 3389 745 3435 6
785 3386 1020 3453 Eutrop.
1055 3387 1174 3440 VII
1195 3391 1288 3452 20,
1309 3392 1338 3438 1
1377 3385 1470 3438 hic
1500 3402 1626 3438 cum
1653 3384 1771 3438 filio
1790 3384 1918 3438 Tito
1950 3386 2019 3437 de
2038 3385 2445 3452 Hierusolymis
2474 3385 2863 3453 triumphauit.

575 3463 725 3518 Oros.
765 3464 891 3519 VII
919 3470 971 3531 9,
996 3470 1035 3519 8
1071 3465 1451 3533 Vespasianus
1502 3467 1560 3518 et
1605 3465 1766 3518 Titus
1813 3465 2180 3534 imperatores
2227 3465 2590 3534 magnificum
2637 3467 2866 3535 agentes

571 3544 639 3597 de
693 3543 917 3597 Iudaeis
971 3545 1323 3614 triumphum
1376 3545 1574 3598 urbem
1633 3545 1874 3615 ingressi
1931 3547 2061 3598 sunt
2116 3547 2204 3614 (cf.
2252 3547 2356 3599 Tit.
2398 3551 2433 3599 6
2468 3547 2632 3600 Dom.
2670 3548 2743 3613 2).

570 3629 600 3675 8
650 3625 929 3679 Einhard.
957 3629 1033 3679 27
1068 3641 1251 3693 neque
1289 3625 1386 3678 1116
1423 3628 1546 3678 toto
1583 3626 1745 3692 regni
1784 3625 1871 3677 sui
1908 3627 2160 3694 tempore
2198 3625 2501 3694 quicquam
2531 3624 2691 3679 duxit
2722 3625 2866 3678 anti-

568 3704 759 3771 quius,
806 3721 977 3772 quam
1022 3708 1088 3759 ut
1123 3706 1257 3758 urbs
1295 3706 1479 3759 Roma
1522 3748 1568 3759 ..
1593 3748 1604 3759 .
1642 3709 1834 3759 uetere
1871 3705 2112 3774 polleret
2159 3706 2497 3759 auctoritate
2535 3706 2592 3758 et
2630 3705 2866 3758 ecclesia

571 3826 581 3837 .
624 3827 635 3838 .
678 3827 689 3838 .
748 3787 896 3838 esset
950 3788 1167 3838 ornata.
1403 3791 1433 3838 9
1490 3788 1560 3853 cf.
1614 3788 1795 3840 Victor
1843 3788 1990 3842 Caes.
2042 3791 2095 3852 9,
2120 3780 2155 3838 '1
2217 3786 2313 3854 (ad
2358 3803 2419 3854 p.
2460 3790 2588 3851 306,
2618 3788 2672 3854 1)

571 3872 632 3918 11
658 3882 778 3933 sqq.
817 3866 1055 3933 Eutrop.
1092 3867 1212 3919 VII
1233 3870 1324 3932 20,
1353 3872 1383 3919 1
1426 3868 1499 3934 (u.
1540 3866 1618 3920 ad
1655 3872 1780 3932 310,
1812 3869 1899 3935 11)

713 4085 739 4131 1
781 4079 1013 4146 quidam
1044 4080 1118 4131 M
1122 4080 1140 4109 ¹
1304 4079 1591 4132 orantibus
1633 4081 1703 4133 H
1869 4086 1899 4132 2
1957 4079 2151 4132 31111616
2190 4097 2291 4133 om.
2329 4079 2379 4133 G
2549 4095 2652 4132 nec
2690 4078 2872 4133 defuit

566 4161 800 4212 euentus
830 4161 899 4213 H
1036 4164 1067 4211 5
1106 4159 1195 4211 his
1233 4158 1364 4228 (hiis
1393 4160 1467 4228 L)
1505 4160 1658 4212 codd.
1690 4166 1913 4228 praeter
1942 4160 1998 4213 R
2144 4165 2174 4212 9
2212 4162 2509 4213 nutantem
2538 4175 2657 4212 rem
2683 4157 2869 4228 publi-

566 4254 692 4291 cam
727 4239 778 4292 G
918 4246 982 4292 10
1013 4239 1216 4294 deinde
1245 4256 1510 4293 exornare
1540 4241 1628 4298 Ls
1772 4245 1834 4293 17
1865 4239 2210 4307 persolueret
2239 4239 2289 4293 G
2429 4246 2494 4293 19
2523 4239 2871 4309 fragrantem

572 4319 677 4383 Τς,
731 4317 906 4386 fragl—
952 4319 1343 4390 HGLHQN2,
1389 4319 1567 4389 flagr-
1618 4320 1907 4375 MRPSN
1910 4319 1928 4349 ¹
2107 4323 2276 4388 ptura
2326 4321 2377 4374 G
2559 4325 2622 4372 21
2673 4318 2870 4372 allium

570 4396 674 4465 QR
847 4403 913 4449 23
951 4415 1053 4466 per
1087 4400 1244 4453 uicos
1283 4417 1315 4458 ς
1489 4399 1878 4453 commeabant
1916 4400 2120 4454 POST
2278 4405 2344 4452 25
2381 4403 2511 4469 post
2546 4401 2728 4470 h(a)ec
2764 4402 2870 4451 ΧΤ

562 4465 758 4543 (uuly.)
905 4478 1243 4533 exculciatos
1286 4480 1353 4545 G,
1394 4478 1754 4533 discalciatos
1798 4481 1848 4533 T
