3325 5209
358 1015 387 1053 5

332 1546 388 1586 10

335 2080 389 2119 15

334 3147 390 3186 25

1130 405 1347 460 DIVVS
1364 441 1367 444 >
1384 405 1623 460 IVLIVS
1664 418 1795 466 [cst.
1828 418 2002 468 ‘lb—⁷7]
2297 447 2300 450 ι
2630 409 2713 471 39

413 588 568 632 usus
617 566 1056 631 dominatione
1111 571 1174 632 et
1231 568 1370 632 iure
1426 590 1643 631 caesus
1692 568 2113 634 existimetur.
2206 591 2336 634 non
2382 570 2549 634 enim
2599 570 2712 634 ho-

413 696 603 739 nores
662 675 855 738 modo
915 674 1152 738 nimios
1211 675 1480 758 recepit:
1545 676 1923 739 continuum
1995 676 2429 759 consulatum,
2494 697 2714 760 perpe-

414 785 594 845 tuam
654 781 1041 845 dictaturam
1110 780 1706 865 praefecturamque
1776 805 2056 864 morum,
2127 784 2390 866 insuper
2447 803 2714 866 praeno-

417 910 566 951 men
626 886 1045 971 Imperatoris
1055 939 1072 971 ,
1146 907 1505 974 cognomen
1568 888 1780 953 Patris
1853 889 2125 973 patriae,
2200 892 2480 954 statuam
2547 892 2716 953 inter
2819 977 2822 980 Ι

418 1016 602 1080 reges
611 1045 629 1076 ,
694 998 1074 1081 suggestum
1135 994 1203 1058 in
1262 994 1614 1081 orchestra3
1681 995 1790 1059 sed
1849 999 1913 1059 et
1974 996 2289 1085 ampliora
2349 997 2544 1060 etiam
2599 996 2713 1060 hu-

414 1123 608 1165 mano
655 1102 918 1188 fastigio
967 1102 1219 1165 decerni
1265 1101 1396 1165 sibi*
1438 1123 1664 1186 passus
1714 1107 1835 1167 est:
1884 1103 2098 1167 sedem
2136 1121 2395 1167 auream
2434 1104 2503 1167 in
2538 1105 2714 1167 curia
2790 1147 2797 1152 -

417 1213 485 1271 et
528 1230 647 1291 pro
692 1209 1022 1292 tribunali,
1068 1214 1315 1273 tensam
1364 1214 1429 1273 et
1474 1210 1789 1274 ferculum
1838 1210 2106 1274 circensi
2151 1233 2407 1296 pompa,
2454 1211 2713 1295 templa,

417 1337 590 1396 araS,
665 1315 1006 1380 simulacra
1071 1316 1252 1379 iuxta
1316 1316 1497 1400 deoS,
1571 1316 1906 1401 puluinar,
1978 1317 2337 1401 flaminem,
2399 1303 2733 1402 lupercOS,

417 1421 915 1505 appellationem
971 1423 1207 1487 mensis
1266 1445 1299 1486 e
1347 1445 1462 1487 suo
1509 1422 1797 1509 nomine3
1860 1444 1933 1488 ac
1985 1424 2202 1488 nullos
2257 1447 2390 1488 non
2434 1425 2713 1489 honores

418 1528 498 1591 ad
543 1527 876 1592 libidinem
923 1529 1096 1613 cepit
1142 1533 1206 1614 et
1254 1529 1445 1594 dedit.
1536 1531 1802 1594 tertium
1850 1536 1916 1596 et
1960 1536 2262 1614 quartum
2310 1533 2713 1596 consulatum

417 1636 611 1699 titulo
677 1640 864 1699 tenus
938 1636 1139 1722 gessit
1203 1640 1546 1702 contentus
1611 1637 1965 1702 dictaturae
2038 1642 2361 1723 potestate
2425 1640 2715 1703 decretae

419 1764 565 1806 cum
622 1743 1062 1807 consulatibus
1118 1745 1312 1808 simul
1368 1749 1559 1827 atque
1615 1749 1894 1828 utroque
1949 1767 2117 1810 anno
2175 1744 2364 1809 binos
2423 1745 2714 1809 consules

418 1850 758 1913 substituit
820 1849 947 1913 sibi
1005 1850 1076 1914 in
1133 1854 1356 1914 ternos
1415 1850 1808 1915 nouissimos
1869 1873 2151 1933 menseS,
2221 1851 2313 1914 ita
2371 1855 2445 1915 ut
2504 1850 2714 1915 medio

419 1961 708 2040 tempore
768 1957 1039 2021 comitia
1084 1958 1263 2021 nulla
1316 1957 1617 2021 habuerit
1671 1962 1928 2041 praeter
1980 1959 2392 2023 tribunorum
2440 1962 2506 2022 et
2551 1957 2716 2021 aedi-

417 2063 579 2127 lium
642 2063 850 2147 plebis
909 2064 1396 2147 praefectosque
1455 2087 1574 2148 pro
1639 2064 2051 2148 praetoribus
2112 2065 2542 2147 constituerit,
2605 2065 2716 2148 qui

419 2176 681 2254 apsente
738 2192 805 2234 se
859 2193 961 2235 res
1018 2171 1297 2235 urbanas
1346 2172 1887 2236 administrarent.
1969 2172 2175 2255 pridie
2223 2177 2436 2235 autem
2485 2171 2717 2236 Kalen-

417 2278 530 2340 das
584 2276 912 2341 Ianuarias
977 2277 1313 2361 repentina
1377 2277 1660 2342 consulis
1722 2283 1929 2342 morte
1990 2282 2343 2343 cessantem
2403 2278 2715 2343 honorem

419 2386 485 2448 in
540 2406 774 2468 paucas
830 2384 1023 2448 horas
1078 2384 1329 2468 petenti
1385 2386 1599 2448 dedit·
1657 2386 1877 2449 eadem
1932 2385 2195 2449 licentia
2238 2389 2456 2469 spreto
2502 2385 2712 2470 patrio

417 2514 597 2555 more
643 2492 1061 2577 magistratus
1114 2492 1183 2556 in
1228 2491 1435 2576 pluris
1489 2514 1691 2557 annos
1738 2492 2088 2576 ordinauit,
2136 2493 2351 2556 decem
2398 2492 2714 2576 praetoris

418 2599 577 2662 uiris
636 2598 998 2662 consularia
1051 2603 1423 2662 ornamenta
1478 2599 1736 2683 tribuit,
1793 2600 2055 2664 ciuitate
2102 2600 2371 2664 donatos
2419 2603 2483 2663 et
2528 2621 2715 2682 quos-

418 2705 566 2768 dam
623 2728 658 2768 e
715 2704 1165 2769 semibarbaris
1228 2703 1561 2769 Gallorum
1622 2708 1866 2789 recepit
1919 2706 1985 2769 in
2035 2706 2294 2770 curiam.
2385 2710 2714 2789 praeterea

418 2816 712 2875 monetae
758 2811 1160 2896 publicisque
1199 2812 1627 2897 uectigalibus
1666 2812 2021 2896 peculiares
2062 2834 2283 2877 seruos
2321 2813 2712 2895 praeposuit.

419 2919 618 2981 trium
662 2918 1012 3003 legionum,
1058 2939 1219 3000 quas
1262 2917 1701 2981 Alexandreae
1747 2917 2176 3003 relinquebat,
2223 2941 2438 2982 curam
2489 2923 2551 2982 et
2599 2917 2714 2981 im-

418 3026 669 3108 perium
717 3025 980 3088 Rufioni
1026 3023 1244 3088 liberti
1291 3024 1390 3087 sui
1437 3023 1571 3087 filio
1620 3025 1873 3088 exoleto
1926 3047 2043 3089 suo
2091 3025 2515 3089 demandauit.
2596 3021 2815 3090 nec77

422 3132 688 3195 minoris
724 3131 1119 3215 inpotentiae
1156 3152 1346 3194 uoces
1383 3131 1714 3214 propalam
1749 3132 1995 3215 edebat,
2033 3137 2106 3196 ut
2133 3132 2318 3196 Titus
2345 3130 2712 3216 Amp[r]ius

420 3239 673 3302 scribit:
720 3237 921 3302 nihil
968 3260 1131 3301 esse
1177 3260 1328 3301 rem
1376 3238 1797 3323 publicam,
1846 3239 2443 3323 appellationem
2496 3239 2712 3303 modo

419 3346 585 3409 sine
633 3366 950 3429 corpore
996 3367 1079 3408 ac
1124 3345 1393 3428 specie.
1478 3343 1772 3408 Sullam
1810 3345 2153 3410 nescisse
2199 3346 2536 3428 litterae,
2583 3346 2712 3427 qui

568 3545 612 3590 1.
639 3544 703 3591 18
734 3539 792 3591 et
820 3556 871 3606 p.
894 3543 979 3603 40,
1001 3543 1032 3590 8
1070 3541 1138 3605 cf.
1178 3539 1412 3606 Eutrop.
1447 3539 1536 3590 VI
1553 3543 1626 3592 25
1667 3555 1833 3608 agere
1861 3538 2192 3592 insolentius
2223 3538 2407 3606 coepit
2437 3541 2492 3591 et
2521 3539 2714 3590 contra

422 3617 884 3673 consuetudinem
920 3618 1208 3671 Romanae
1244 3619 1540 3671 libertatis,
1598 3635 1725 3671 cum
1765 3636 1897 3688 ergo
1927 3623 1985 3672 et
2011 3620 2248 3673 honores
2280 3636 2347 3672 ex
2376 3635 2476 3671 sua
2514 3618 2714 3670 uolun-

420 3702 541 3752 tate
577 3700 894 3768 praestaret
923 3740 934 3751 .
960 3742 969 3750 .
996 3741 1005 3751 .
1037 3714 1141 3751 nec
1180 3700 1401 3751 senatui
1440 3699 1512 3751 ad
1550 3715 1608 3751 se
1645 3698 1898 3752 uenienti
1928 3699 2257 3768 adsurgeret
2294 3699 2518 3767 aliaque
2555 3699 2713 3767 regia

420 3796 487 3832 ac
524 3795 705 3848 paene
742 3779 1040 3846 tyrannica
1076 3779 1289 3832 faceret
1324 3796 1424 3847 eqs.
1466 3781 1538 3847 (u.
1570 3780 1645 3833 ad
1679 3797 1734 3848 p.
1766 3784 1851 3846 41,
1872 3785 1944 3833 29
1958 3783 2090 3849 sqq.)

568 3973 594 4019 1
635 3983 833 4019 census
861 3969 919 4032 T,
948 3983 1083 4020 corr.
1107 3965 1179 4035 Q²
1297 3971 1327 4017 ὅ
1368 3968 1724 4034 suggestrum
1750 3970 1797 4018 Y
1823 3968 1974 4033 (corr.
2004 3966 2111 4036 φῖ),
2141 3966 2337 4018 -stium
2368 3967 2421 4019 V
2524 3971 2551 4017 7
2584 3964 2714 4017 feri-

420 4046 608 4098 culum
634 4047 749 4100 GT
872 4051 902 4098 9
940 4062 1053 4098 non
1091 4045 1276 4098 nullos
1305 4045 1467 4111 Y'02,
1505 4063 1617 4098 non
1655 4046 1839 4098 nullos
1867 4062 1979 4098 non
2001 4048 2094 4112 ΡΙ,
2131 4046 2313 4098 nullos
2347 4046 2423 4098 1³2
2561 4052 2625 4098 12
2656 4045 2716 4098 in

418 4129 658 4194 utroque
689 4126 913 4180 POST
1056 4131 1120 4178 15
1160 4129 1490 4195 quiapsente
1522 4129 1597 4180 M
1629 4129 1728 4195 (sic
1764 4145 1831 4179 m.
1864 4133 1893 4179 1
1934 4134 1995 4180 ut
2031 4128 2195 4196 aid),
2244 4127 2378 4193 quia
2416 4128 2613 4195 psente
2647 4127 2712 4194 G,

419 4207 520 4275 qui
566 4209 763 4275 psente
811 4210 867 4258 X
874 4204 1010 4271 ¹1⁷6,
1066 4223 1202 4260 corr.
1249 4209 1401 4260 Torr.
1567 4212 1630 4258 19
1670 4207 1909 4275 pretoris
1949 4209 2083 4261 MV
2114 4211 2158 4276 (s
2196 4209 2258 4260 in
2299 4209 2372 4260 M
2403 4211 2715 4276 expuncta),

420 4288 517 4339 -iis
554 4289 647 4340 rel.
810 4292 878 4338 24
915 4286 1129 4339 rusioni
1174 4290 1240 4353 Τ,
1291 4285 1457 4338 rufini
1498 4289 1572 4340 M
1603 4288 1790 4354 (Roth)
1946 4286 2189 4340 exsoleto
2223 4287 2419 4356 MGQ
2456 4289 2538 4354 (in
2580 4289 2630 4340 G
2668 4288 2716 4340 ti

418 4384 591 4435 supra
627 4368 920 4421 secundam
958 4383 989 4419 e
1025 4382 1125 4419 scr.
1166 4384 1233 4421 m.
1266 4371 1326 4431 1,
1372 4369 1497 4420 item
1534 4370 1597 4419 in
1632 4371 1687 4437 9)
1834 4373 1901 4420 25
1942 4368 2187 4435 amprius
2226 4367 2420 4436 (-plius
2464 4369 2595 4437 ΘΤ)
2637 4371 2715 4432 Ω,

416 4464 555 4501 corr.
587 4449 846 4501 Pulman.
884 4448 932 4500 Τ
930 4464 1036 4500 orr.
1067 4448 1182 4516 (ςῖ)
1328 4452 1394 4499 27
1435 4446 1677 4515 speciem
1707 4448 2013 4501 Salmasius
2042 4450 2128 4516 (ac
2166 4447 2286 4501 sine
2324 4464 2553 4516 corpore
2592 4463 2711 4515 spe-

419 4528 563 4580 ciem
607 4528 897 4596 Graevius)
