3325 5209
1019 404 1238 459 DIVVS
1276 405 1634 460 eLAvmvs
1674 417 1803 466 [cip.
1836 418 2010 468 εει-ιι]
2545 402 2673 474 227

380 568 650 633 matris
705 567 1255 633 meae‘liberta
1302 573 1375 632 et
1421 571 1778 633 ornatrix
1835 570 2015 654 fuit,
2070 570 2198 634 sed
2254 592 2364 634 me
2418 566 2677 655 patro-

378 698 556 738 num
605 696 899 758 semper
946 675 1455 760 existimauit,
1502 675 1644 739 hoc
1681 676 1856 741 ideo
1899 677 2084 761 dixi,
2135 678 2333 761 quod
2373 679 2676 763 quidam

381 788 560 846 sunt
614 781 857 846 adhuc
912 782 986 846 in
1037 782 1255 847 domo
1303 804 1489 867 mea,
1550 783 1682 866 qui
1737 805 1848 846 me
1894 788 2301 866 patronum
2348 807 2496 850 non
2544 809 2677 870 pu·
2716 776 2721 779 V
2764 776 2789 821 Ψ

2715 910 2747 957 3
2846 947 2857 961 .

380 893 564 953 tant.
649 890 760 954 sed
803 893 871 953 et
906 894 1024 973 pro
1062 888 1373 953 tribunali
1412 887 1822 954 Ostiensibus
1861 890 2163 973 quiddam
2202 888 2458 975 publice
2496 913 2677 956 oran-

327 1021 351 1060 5
380 995 557 1060 tibus
586 1017 734 1060 cum
755 995 1219 1081 excanduisset,
1247 996 1447 1059 nihil
1474 995 1757 1061 habere
1787 1018 1861 1060 se
1890 998 2281 1062 uociferatus
2312 1001 2425 1082 est,
2447 1018 2677 1083 quare

380 1125 506 1166 eos
537 1104 1042 1187 demereatur-3
1072 1104 1135 1167 si
1164 1124 1381 1187 quem
1411 1103 1677 1186 alium,
1707 1107 1779 1166 et
1817 1124 1893 1166 se
1921 1103 2253 1167 liberum
2301 1126 2479 1168 esse:
2526 1126 2676 1169 nam

379 1210 490 1274 illa
528 1211 666 1274 eius
714 1210 1036 1275 cotidiana
1072 1215 1136 1274 et
1180 1210 1371 1293 plane
1418 1211 1707 1274 omnium
1745 1209 2051 1274 horarum
2093 1215 2156 1274 et
2201 1215 2675 1275 momentorum

379 1320 585 1380 erant:
637 1317 843 1401 quid,
891 1338 1030 1403 ego
1067 1317 1219 1380 tibi
1257 1316 1723 1403 Telegenius
1761 1317 2079 1381 uideor?
2118 1322 2205 1382 et:
2253 1319 2519 1401 λάλ<ε>ι
2566 1316 2674 1383 καὶ

377 1425 464 1507 μὴ
513 1428 816 1508 θίγγανε,
873 1424 1202 1506 multaque
1254 1424 1411 1488 talia
1456 1424 1650 1489 etiam
1710 1426 1983 1508 priuatis
2049 1424 2386 1508 deformia,
2440 1424 2676 1488 nedum

300 1555 351 1593 ιο
377 1532 683 1617 principi,
737 1553 943 1614 neque
1001 1530 1343 1594 infacundo
1390 1552 1597 1613 neque
1643 1531 1903 1595 indocto
1913 1584 1930 1615 ,
1986 1532 2186 1596 immo
2243 1528 2436 1596 etiam
2484 1531 2676 1614 perti·

378 1639 625 1703 naciter
668 1637 1046 1702 liberalibus
1094 1637 1325 1700 studiis
1372 1637 1606 1702 dedito.

557 1744 915 1809 Historiam
982 1746 1049 1807 in
1114 1743 1547 1807 adulescentia
1608 1742 1911 1808 hortante
1976 1743 2046 1808 T.
2103 1745 2318 1831 Liuio,
2387 1742 2673 1829 Sulpicio
2691 1745 2778 1811 41

380 1873 534 1914 uero
581 1850 784 1915 Flauo
842 1851 1035 1914 etiam
1081 1851 1453 1934 adiuuante,
1510 1851 1787 1914 scribere
1834 1851 2175 1935 adgressus
2223 1856 2335 1915 est.
2421 1855 2485 1914 et
2531 1873 2676 1914 cum

378 1959 660 2042 primum
720 1957 1042 2039 frequenti
1103 1957 1423 2021 auditorio
1486 1958 1942 2041 commisisset,
2003 1979 2193 2042 aegre
2250 1958 2525 2042 perlegit
2582 1980 2675 2021 re·
2724 1965 2749 2009 ΓΞ

227 2072 238 2082 ’
301 2085 351 2129 15
379 2063 727 2150 frigeratus
789 2086 976 2148 saepe
1032 2086 1069 2127 a
1124 2069 1329 2127 semet
1380 2064 1541 2147 ipso.
1626 2086 1776 2127 nam
1834 2084 1979 2126 cum
2035 2064 2222 2128 initio
2279 2065 2676 2128 recitationis

379 2171 681 2236 defractis
737 2171 1178 2255 compluribus
1237 2170 1539 2236 subsellis
1597 2170 1911 2234 obesitate
1971 2170 2300 2234 cuiusdam
2360 2172 2528 2234 risus
2576 2191 2679 2234 ex-

379 2283 559 2343 ortus
606 2285 791 2363 esset,
835 2299 917 2342 ne
956 2279 1174 2342 sedato
1214 2277 1472 2360 quidem
1518 2277 1807 2342 tumultu
1843 2282 2202 2362 temperare
2237 2278 2468 2362 potuit,
2518 2277 2677 2360 quin

379 2407 456 2449 ex
504 2385 845 2450 interuallo
893 2385 1164 2449 subinde
1210 2385 1366 2448 facti
1410 2384 1932 2448 reminisceretur
1979 2384 2450 2466 cachinnosque
2497 2405 2677 2448 reuo-

379 2497 567 2558 caret.
658 2494 726 2556 in
779 2492 1148 2576 principatu
1205 2513 1461 2575 quoque
1525 2495 1589 2555 et
1654 2491 1915 2574 scripsit
1978 2490 2330 2575 plurimum
2396 2494 2461 2554 et
2524 2492 2679 2553 assi·
2774 2511 2781 2521 ³

299 2618 353 2657 ευ
380 2597 501 2663 due
547 2600 846 2664 recitauit
891 2621 1005 2683 per
1049 2599 1374 2664 lectorem.
1459 2598 1717 2662 initium
1764 2601 1980 2662 autem
2037 2598 2314 2681 sumpsit
2367 2594 2676 2660 historiae

377 2710 529 2790 post
584 2706 840 2769 caedem
889 2704 1180 2769 Caesaris
1242 2705 1602 2788 dictatoris,
1669 2705 1781 2768 sed
1826 2709 1892 2768 et
1935 2704 2196 2768 transiit
2243 2703 2325 2767 ad
2371 2703 2678 2768 inferiora

377 2817 671 2895 tempora
724 2813 1063 2896 coepitque
1118 2836 1157 2876 a
1210 2833 1365 2896 pace
1422 2813 1597 2876 ciuili
1608 2864 1626 2897 ,
1684 2834 1830 2877 cum
1890 2811 2158 2875 sentiret
2215 2832 2421 2894 neque
2475 2810 2677 2875 libere

377 2941 586 3004 neque
629 2941 781 2983 uere
830 2919 953 2983 sibi
1003 2920 1080 2983 de
1128 2919 1570 3002 superioribus
1609 2919 1907 2983 tradendi
1942 2914 2328 3001 potestatem
2370 2914 2676 2999 relictam,

378 3031 710 3110 correptus
758 3047 947 3108 saepe
993 3031 1058 3090 et
1103 3048 1141 3089 a
1186 3031 1391 3089 matre
1438 3031 1503 3090 et
1548 3026 1638 3110 ab·
1679 3025 1841 3089 auia.
1923 3024 2157 3108 prioris
2204 3024 2509 3088 materiae
2549 3023 2675 3087 duo

299 3149 351 3191 ²⁶
380 3134 737 3216 uolumina,
794 3133 1174 3216 posterioris
1219 3154 1420 3196 unum
1468 3138 1532 3197 et
1580 3132 2010 3218 quadraginta
2057 3131 2336 3215 reliquit.
2388 3147 2676 3214 {compo-

380 3242 511 3305 suit
547 3244 612 3304 et
661 3241 746 3303 de
785 3241 947 3304 uita
985 3261 1118 3303 sua
1160 3244 1304 3303 octo
1343 3240 1695 3323 uolumina,
1741 3240 1950 3324 magis
1990 3240 2204 3322 inepte
2244 3259 2435 3321 quam
2485 3238 2675 3301 inele-

379 3352 631 3432 ganter3
660 3348 814 3410 item
838 3345 1232 3410 Ciceronis
1264 3348 1783 3411 defensionem
1817 3347 2185 3410 aduersus
2214 3342 2437 3408 Asini
2470 3343 2674 3407 Galli

379 3454 623 3518 libros
680 3455 834 3517 satis
881 3454 1216 3518 eruditam.
1307 3475 1510 3518 nouas
1559 3454 1755 3519 etiam
1812 3456 2213 3517 commentus
2269 3456 2369 3514 est
2426 3451 2673 3514 litteras

378 3566 526 3627 tres
565 3583 638 3625 ac
691 3583 959 3625 numero
1017 3565 1311 3625 ueterum
1368 3562 1553 3643 quasi
1616 3560 1897 3623 maxime
1952 3559 2343 3623 necessarias
2399 3557 2673 3639 addidit3

298 3682 352 3721 ⁸0
380 3668 456 3731 de
514 3690 779 3751 quarum
840 3669 1109 3731 ratione·
1149 3689 1295 3731 cum
1361 3668 1655 3751 priuatus
1722 3666 1931 3730 adhuc
1991 3664 2294 3729 uolumen
2356 3664 2674 3745 edidisset,

379 3797 530 3839 mox
571 3775 873 3859 princeps
918 3774 1444 3867 nonqdifficulter
1491 3776 1777 3858 optinuit
1823 3777 1896 3836 ut
1942 3775 2011 3837 in
2056 3795 2177 3836 usu
2228 3792 2484 3855 quoque
2531 3792 2674 3854 pro-

520 4062 552 4110 6
591 4056 693 4109 ina.
729 4056 872 4127 eius]
910 4055 1066 4109 illius
1094 4060 1153 4109 X
1362 4062 1396 4109 8
1432 4055 1748 4125 telegonius
1791 4055 1919 4121 GT,
1955 4053 2330 4124 Telegennius
2359 4054 2604 4121 Scaliyer

376 4137 528 4192 λάλει
563 4137 864 4202 Turnebus,
893 4138 1045 4191 ΛΔΛΙ
1069 4139 1122 4189 ,Ω
1150 4138 1363 4206 (prima
1392 4137 1575 4189 littera
1602 4137 1645 4190 Δ
1675 4137 1739 4188 in
1757 4135 1977 4200 RLST,
2013 4136 2121 4189 ΔΝ
2143 4133 2288 4203 HQ),
2316 4149 2384 4187 88.
2416 4131 2675 4186 deeetL2

378 4223 410 4271 9
448 4218 521 4287 μὴ
557 4215 800 4287 θίγγανε
833 4216 1143 4282 Turnebus,
1191 4217 1585 4271 ΜΕΘΙΝΓΔΝὰ
1617 4215 1800 4283 MLS,
1840 4216 2014 4267 ΜΗΘ·
2051 4215 2143 4267 rel.
2174 4213 2410 4283 (-ΤὸιΝὰ
2443 4212 2674 4282 GHQT,

376 4302 537 4353 tertia
575 4300 676 4353 litt.
708 4297 746 4350 Ε
786 4299 849 4350 in
877 4297 969 4367 R),
1004 4312 1072 4351 ss.
1101 4295 1331 4364 loquere
1359 4295 1439 4348 L²
1603 4301 1669 4348 16
1708 4314 1785 4350 an
1822 4292 2134 4347 diffractis?
2307 4298 2372 4345 19
2409 4293 2677 4345 recitauit

377 4380 602 4433 assidue
634 4378 686 4432 G
794 4382 863 4430 20
894 4377 1210 4446 pei-lectorii
1241 4379 1315 4430 M
1438 4382 1501 4430 21
1544 4376 1643 4428 sed
1672 4377 1771 4429 del.
1806 4375 2015 4429 Miiller
2052 4374 2205 4441 apud
2243 4373 2601 4427 B.·Cru8ium

377 4461 570 4514 etdel.
605 4460 758 4512 Torr.
791 4458 1074 4528 (Madviy)
1254 4463 1322 4508 23
1358 4458 1700 4525 potestatem
1738 4461 1863 4508 ante
1902 4455 1972 4506 de
2010 4456 2188 4507 colloe.
2224 4453 2274 4506 G
2456 4458 2522 4505 26
2563 4453 2679 4504 ele-

375 4544 575 4610 ganter
606 4539 656 4593 G
804 4544 871 4592 30
908 4536 1173 4591 uolumen
1212 4537 1397 4590 adhuc
1427 4535 1768 4590 MLPS¹R3
1807 4539 1962 4605 (corr.
1994 4534 2078 4599 8²,
2114 4533 2378 4586 uolumen
2419 4550 2518 4586 om.
2557 4533 2627 4599 T)

2139 4623 2240 4676 15*
