3325 5209
579 370 708 433 298
1273 368 1330 425 C.
1371 368 1689 433 SVETONI
1725 368 2170 434 TRANQVILLI

506 550 541 599 3
756 530 1227 596 Aduenientem
1294 530 1462 595 male
1533 531 1853 599 animatus
1923 554 2077 618 erga
2143 532 2500 617 principem
2561 533 2876 598 exercitus

578 660 947 723 pronusque
1012 638 1092 702 ad
1155 659 1257 701 res
1312 659 1516 702 nouas
1571 637 1781 702 libens
1835 660 1911 703 ac
1968 638 2218 722 supinis
2271 640 2570 704 manibus
2627 642 2878 725 excepit

578 746 759 811 uelut
804 745 973 811 dono
1023 744 1212 808 deum
1259 744 1568 829 oblatum,
1617 749 1718 809 ter
1765 746 2045 809 consulis
2092 746 2318 830 filium,
2364 751 2571 811 aetate
2608 747 2878 834 integra,

577 851 752 916 facili
809 873 883 916 ac
938 851 1212 938 prodigo
1261 851 1495 917 animo.
1589 874 1787 935 quam
1832 855 2114 917 ueterem
2163 853 2240 916 de
2285 874 2352 917 se
2398 854 2877 937 persuasionem

577 958 882 1024 Vitellius
936 958 1298 1023 recentibus
1354 959 1548 1023 etiam
1605 959 2059 1043 experimentis
2105 963 2387 1043 auxerat,
2441 964 2582 1025 tota
2624 960 2733 1025 uia
2778 982 2875 1025 ca-
2931 984 2956 1024 5

578 1065 928 1152 ligatorum
989 1087 1247 1149 quoque
1302 1065 1585 1130 militum
1635 1065 1868 1130 obuios
1913 1065 2289 1131 exosculans
2335 1088 2577 1151 perque
2622 1067 2878 1132 stabula

579 1194 654 1237 ac
699 1172 1067 1238 deuersoria
1111 1173 1509 1237 mulionibus
1556 1194 1629 1236 ac
1669 1171 2032 1237 uiatoribus
2068 1177 2322 1256 praeter
2357 1173 2622 1238 modum
2659 1174 2877 1258 comis,

579 1283 653 1343 ut
681 1301 866 1343 mane
894 1279 1185 1365 singulos
1222 1279 1471 1343 iamne
1509 1279 1947 1343 iantassent
1973 1278 2406 1345 sciscitaretur
2431 1302 2624 1364 seque
2650 1281 2876 1345 fecisse

508 1384 554 1451 8
584 1390 771 1449 1116111
817 1407 1075 1469 quoque
1122 1385 1501 1450 ostenderet.
1583 1390 1790 1450 castra
1826 1407 1979 1451 uero
2015 1387 2342 1472 ingressus
2376 1386 2541 1451 nihil
2579 1388 2875 1471 cuiquam

580 1493 874 1577 poscenti
927 1498 1189 1579 negauit
1241 1497 1436 1577 atque
1498 1494 1690 1557 etiam
1751 1492 1926 1558 ultro
1982 1493 2433 1580 ignominiosis
2489 1499 2692 1577 notas,
2751 1495 2876 1558 reis
2905 1518 2957 1558 ιο

580 1601 819 1683 sordes,
885 1599 1204 1663 damnatis
1280 1599 1597 1683 supplicia
1663 1599 1958 1684 dempsit.
2067 1622 2263 1685 quare
2326 1600 2595 1665 uixdum
2658 1622 2875 1666 mense

580 1710 924 1790 transactO,
978 1727 1187 1790 neque
1243 1705 1369 1770 diei
1425 1727 1634 1789 neque
1693 1705 2003 1791 temporis
2048 1708 2297 1772 ratione
2341 1706 2583 1792 habita,
2629 1729 2703 1771 ac
2748 1708 2875 1771 iam

580 1834 860 1898 uespere,
915 1812 1132 1877 subito
1190 1836 1227 1876 a
1273 1812 1592 1878 militibus
1640 1835 1675 1877 e
1721 1811 2016 1877 cubiculo
2063 1817 2288 1897 raptus
2296 1864 2314 1897 ,
2369 1814 2462 1878 ita
2507 1820 2582 1879 ut
2627 1818 2764 1879 erat
2809 1814 2876 1878 in

505 1985 513 1993 ,
581 1926 762 1986 ueste
824 1919 1199 2001 domestica,
1263 1921 1614 2003 imperator
1680 1923 1777 1983 est
1838 1920 2275 1984 consalutatus
2339 1920 2876 2005 circumlatusque

580 2050 694 2112 per
754 2027 1204 2092 celeberrimos
1262 2027 1460 2111 uicos,
1519 2026 1813 2090 strictum
1863 2025 2018 2090 Diui
2063 2025 2270 2112 Iuli[i]
2317 2027 2601 2114 gladium
2651 2031 2874 2091 tenens
2905 2050 2956 2092 15

582 2134 938 2199 detractum
986 2133 1253 2198 delubro
1298 2133 1526 2197 Martis
1573 2136 1766 2217 atque
1805 2134 1874 2196 in
1909 2133 2119 2217 prima
2153 2133 2589 2221 gratulatione
2624 2156 2873 2219 porrec-

509 2255 543 2302 2
581 2246 722 2305 111111
768 2241 893 2305 sibi
931 2264 969 2305 a
1005 2239 1301 2324 quodam.
1388 2261 1505 2304 nec
1551 2243 1700 2303 ante
1746 2239 1815 2304 in
1858 2240 2250 2325 praetorium
2297 2240 2490 2305 rediit
2535 2263 2727 2324 quam
2766 2241 2874 2304 fla·

583 2352 808 2434 grante
862 2336 1145 2412 triclinio
1203 2368 1282 2419 ex
1337 2350 1651 2430 conceptu
1699 2347 1959 2431 camini,
2016 2368 2161 2410 cum
2209 2348 2468 2431 quidem
2512 2351 2874 2411 consterna·

581 2455 667 2519 tis
732 2458 796 2518 et
851 2454 1036 2537 quasi
1111 2454 1324 2518 omine
1381 2453 1648 2518 aduerso
1708 2454 1917 2517 anxiis
1973 2453 2297 2518 omnibus:
2358 2454 2585 2538 bono,
2645 2454 2874 2537 inquit,

584 2562 833 2625 animo
873 2562 1146 2625 estote!
1186 2560 1407 2625 nobis
1446 2559 1772 2643 adluxit,
1808 2561 1989 2624 nullo
2029 2582 2318 2627 sermone
2355 2561 2483 2626 alio
2513 2561 2684 2646 apud
2711 2560 2875 2624 mili·
2904 2583 2956 2622 zo

580 2672 679 2731 tes
741 2689 913 2732 usus.
1024 2667 1463 2732 consentiente
1539 2666 1763 2731 deinde
1835 2668 2029 2732 etiam
2094 2668 2442 2753 superioris
2508 2668 2876 2752 prouinciae

582 2775 883 2858 exercitu,
938 2774 1051 2858 qui
1105 2776 1284 2858 prior
1339 2797 1377 2837 a
1424 2772 1630 2839 Galba
1677 2774 1758 2837 ad
1803 2780 2094 2841 senatum
2142 2774 2472 2859 defecerat,
2519 2796 2877 2861 cognomen

577 2863 950 2946 'Germanici
988 2881 1272 2946 delatum
1311 2882 1390 2945 ab
1431 2879 1753 2945 uniuersis
1793 2881 2020 2964 cupide
2055 2884 2312 2966 recepit,
2358 2881 2640 2969 Augusti
2680 2882 2875 2947 distu-

510 2982 682 3072 9111,
729 2987 1016 3053 Caesaris
1070 2989 1140 3052 in
1193 2991 1577 3071 perpetuum
1629 2988 1966 3051 recusauit.
2057 3009 2129 3050 ac
2175 2987 2447 3053 subinde
2494 2988 2682 3053 caede
2730 2987 2876 3053 Gal-

584 3094 703 3160 bae
749 3095 1144 3176 adnuntiata,
1192 3093 1577 3178 compositis
1617 3094 2009 3158 Germanicis
2056 3095 2268 3179 rebuS,
2312 3095 2593 3180 partitus
2640 3099 2738 3160 est
2774 3116 2874 3159 co·
2905 3114 2956 3155 2⁶

582 3202 745 3287 piaS,
795 3224 954 3286 quas
1002 3201 1309 3266 aduersus
1356 3199 1678 3264 Othonem
1725 3200 2171 3285 praemitteret
2219 3224 2506 3285 quasque
2552 3203 2694 3287 ipse
2737 3224 2876 3285 per·

586 3308 861 3374 duceret.
954 3308 1305 3393 praemisso
1362 3306 1618 3392 agmine
1676 3306 1918 3371 laetum
1973 3292 2189 3371 euenit
2250 3310 2625 3394 auspicium,
2680 3307 2876 3391 siqui·

584 3416 727 3481 dem
803 3439 840 3479 a
895 3421 1079 3501 parte
1149 3415 1369 3477 dextra
1442 3418 1706 3497 repente
1779 3413 1997 3496 aquila
2061 3414 2392 3479 aduolauit
2454 3415 2877 3498 lustratisque

582 3524 787 3610 signis
833 3524 1159 3608 ingressos
1219 3522 1393 3584 uiam
1439 3520 1677 3583 sensim
1725 3521 2081 3585 antecessit.
2174 3525 2240 3585 at
2287 3527 2511 3587 contra
2557 3522 2698 3606 ipso
2743 3543 2875 3585 mo·

582 3634 775 3695 uente
812 3634 1060 3694 statuae
1097 3631 1446 3711 equestreS,
1493 3648 1637 3690 cum
1675 3625 2077 3709 plurifariam
2116 3628 2173 3691 ei
2202 3634 2611 3714 ponerentur,
2655 3628 2876 3692 fractis
2906 3648 2960 3688 ³0

581 3741 843 3821 repente
900 3736 1193 3800 cruribus
1239 3733 1480 3818 pariter
1527 3738 1921 3814 corruerunt,
1976 3739 2041 3799 et
2094 3737 2329 3820 laurea,
2384 3759 2577 3820 quam
2624 3733 2877 3821 religio-

583 3846 796 3855 ·————
833 3848 944 3853 ψ-

728 3901 759 3949 3
786 3914 841 3950 u.
873 3895 949 3950 ad
968 3911 1026 3963 p.
1056 3897 1186 3960 295,
1209 3896 1290 3947 16.
1314 3896 1384 3945 19
1493 3896 1526 3943 4
1564 3891 1775 3945 Auson.
1803 3894 1931 3958 259,
1960 3895 1996 3945 9
2031 3892 2271 3962 prodiga
2303 3935 2314 3948 .
2337 3936 2350 3949 .
2374 3936 2384 3947 .
2417 3896 2636 3963 sceptra
2664 3891 2875 3947 Vitelli.

726 4037 758 4083 3
788 4029 945 4084 uelut
978 4029 1084 4082 deo
1105 4028 1315 4081 donum
1330 4030 1389 4080 X
1402 4027 1484 4095 (at
1499 4023 1531 4077 1
1548 4026 1635 4078 161·
1654 4024 1727 4077 do
1750 4024 1900 4078 doni'i
1920 4027 1989 4094 P,
2016 4029 2105 4081 ter
2121 4027 2193 4081 111
2212 4027 2358 4082 dono
2378 4028 2488 4083 deii
2507 4027 2611 4081 deo
2628 4027 2779 4081 donfi
2805 4028 2874 4096 T)

586 4115 618 4163 6
655 4126 906 4181 quosque
937 4108 1126 4166 GS'N
1272 4106 1469 4161 obuios
1505 4122 1604 4160 om.
1640 4104 1693 4158 G
1846 4109 1878 4158 8
1916 4105 2229 4162 iantassent
2258 4112 2389 4176 Mo,
2434 4109 2742 4163 iactassent
2778 4106 2877 4177 (la-

585 4194 673 4260 Π)
700 4192 926 4260 ΤΡΟΤ,
977 4190 1305 4260 genta-ssent
1343 4188 1421 4255 G,
1474 4185 1787 4239 iantassent
1822 4185 1922 4241 LS
1963 4189 2047 4256 (in
2083 4190 2137 4242 L
2181 4206 2317 4245 corr.
2356 4206 2424 4244 ex
2467 4189 2585 4243 1611-
2630 4194 2696 4243 ut
2738 4188 2877 4256 uid.)

585 4276 637 4325 et
670 4274 750 4326 sic
783 4289 851 4326 ss,
881 4274 944 4326 in
973 4272 1046 4338 R,
1082 4286 1183 4325 om.
1215 4269 1277 4323 N
1312 4269 1401 4338 (cf.
1444 4268 1549 4321 Vit.
1583 4267 1670 4325 13)
1854 4271 1918 4320 11
1959 4266 2236 4337 depressit
2277 4270 2346 4340 Q,
2392 4268 2612 4323 remisit
2646 4267 2880 4338 Bentley

590 4357 655 4404 13
685 4368 719 4403 a
743 4351 1019 4405 militibus
1048 4368 1148 4406 om.
1176 4350 1228 4404 G
1337 4354 1403 4401 14
1434 4344 1717 4400 dominica
1743 4352 1795 4400 et
1819 4362 1888 4401 88.
1918 4347 1955 4402 i.
1986 4347 2293 4404 domestica
2315 4350 2367 4404 G
2395 4352 2483 4419 (m.
2503 4351 2557 4419 1)
2668 4352 2736 4402 20
2765 4346 2878 4401 alio

587 4447 839 4484 sermone
872 4433 980 4486 GT
1111 4437 1178 4485 22
1207 4429 1364 4500 prius
1400 4434 1450 4484 Τ
1472 4429 1663 4499 (uuly.)
1801 4431 1869 4479 25
1900 4426 2239 4485 denunciata
2270 4431 2322 4489 G
2448 4435 2515 4483 27
2555 4428 2769 4498 agmini
2796 4427 2877 4482 ed.

587 4512 768 4565 Basil.
802 4515 941 4567 1533
1086 4518 1154 4566 28
1191 4511 1557 4580 lustratisque
1597 4531 1630 4572 ς
1667 4513 1766 4581 (ed.
1789 4524 1878 4577 pr.
1912 4511 2068 4565 Rom.
2098 4512 2213 4579 ΙΙ),
2250 4508 2691 4577 lustrauitquess
