3325 5209
615 375 741 438 102
1312 373 1367 428 C.
1410 373 1725 427 SVETONT
1761 372 2206 438 TRANQVILLI

613 538 822 601 dicula
870 538 1219 601 inuolutus.
1295 538 1495 602 animi
1536 536 1797 601 laxandi
1836 558 2024 600 causa
2063 536 2255 600 modo
2293 536 2665 619 piscabatur
2700 537 2914 619 hamo,

610 645 805 708 modo
862 643 1010 707 talis
1068 648 1178 707 aut
1234 643 1524 708 ocellatis
1580 644 1979 725 nucibusque
2034 643 2297 708 ludebat
2344 665 2489 707 cum
2535 644 2750 728 pueris
2799 644 2914 707 mi-

611 753 807 834 nutis,
856 771 1018 833 quos
1064 750 1227 814 facie
1274 752 1339 812 et
1384 751 1765 835 garrulitate
1815 749 2108 813 amabilis
2154 750 2438 832 undique
2477 750 2915 833 conquirebat,

610 858 955 941 praecipue
1002 857 1263 921 Mauros
1311 861 1375 921 et
1423 855 1636 941 Syros.
1719 879 1867 920 nam
1915 857 2198 940 pumilos
2256 860 2448 939 atque
2495 857 2801 921 distortos
2851 860 2913 921 et

612 965 820 1029 omnis
878 966 1129 1050 generis
1186 964 1470 1027 eiusdem
1536 968 1609 1028 ut
1674 963 1954 1028 ludibria
2011 967 2277 1028 naturae
2338 963 2618 1045 malique
2681 963 2912 1027 ominis
2970 988 2994 1028 5

614 1070 1020 1135 abhorrebat.

505 1172 599 1241 84
793 1176 1251 1261 Eloquentiam
1309 1177 1647 1261 studiaque
1701 1177 1997 1241 liberalia
2051 1177 2130 1240 ab
2189 1180 2396 1241 aetate
2445 1179 2653 1261 prima
2699 1182 2763 1242 et
2809 1198 2913 1241 cu-

609 1269 758 1369 pide
797 1288 863 1347 et
898 1284 1402 1348 laboriosissime
1441 1285 1743 1349 exercuit.
1828 1284 2179 1349 Mutinensi
2212 1283 2383 1349 bello
2424 1285 2490 1347 in
2526 1288 2707 1347 tanta
2746 1287 2914 1349 mole

609 1413 825 1455 rerum
881 1395 945 1456 et
999 1392 1233 1477 legisse
1290 1396 1353 1456 et
1409 1392 1741 1474 scripsisse
1789 1395 1852 1454 et
1898 1392 2284 1455 declamasse
2340 1391 2576 1455 cotidie
2621 1384 2912 1455 traditur.

611 1520 761 1562 nam
820 1499 1120 1583 deinceps
1177 1520 1385 1581 neque
1442 1499 1511 1563 in
1566 1502 1794 1562 senatu
1848 1520 2057 1581 neque
2115 1498 2282 1581 apud
2339 1500 2651 1582 populum
2707 1521 2914 1582 neque
2943 1524 2995 1562 10

612 1605 785 1689 apud
831 1605 1068 1669 milites
1114 1607 1370 1669 locutus
1420 1609 1517 1669 est
1561 1627 1870 1689 umquam
1918 1606 2044 1670 nisi
2089 1606 2396 1669 meditata
2447 1610 2511 1669 et
2556 1607 2914 1689 composita

612 1713 929 1794 oratione,
985 1713 1279 1794 quamuis
1335 1734 1467 1776 non
1525 1712 1905 1777 deficeretur
1958 1713 2037 1776 ad
2093 1712 2306 1777 subita
2360 1713 2780 1796 extemporali
2824 1713 2914 1776 fa-

541 1833 572 1879 2
613 1818 868 1883 cultate.
952 1839 1026 1882 ac
1080 1842 1160 1884 ne
1218 1821 1574 1903 periculum
1637 1820 1980 1883 memoriae
2040 1819 2243 1884 adiret
2301 1823 2411 1882 aut
2458 1820 2525 1883 in
2572 1820 2912 1885 ediscendo

611 1929 868 2008 tempus
915 1926 1298 2011 absumeret,
1342 1926 1629 1990 instituit
1673 1926 1941 1991 recitare
1980 1926 2211 1989 omnia.
2296 1947 2620 1991 sermones
2660 1947 2914 2010 quoque

613 2054 761 2097 cum
809 2032 1082 2117 singulis
1144 2036 1337 2116 atque
1396 2033 1590 2097 etiam
1638 2054 1784 2096 cum
1841 2032 2027 2098 Liuia
2074 2055 2188 2095 sua
2235 2032 2563 2117 grauiores
2610 2055 2745 2097 non
2788 2033 2915 2097 nisi
2945 2054 2995 2095 15

613 2140 888 2222 scriptos
936 2143 1001 2202 et
1047 2162 1083 2204 6
1127 2138 1348 2203 libello
1395 2138 1703 2221 habebat,
1756 2161 1838 2203 ne
1884 2140 2030 2221 plus
2078 2139 2372 2202 minusue
2416 2140 2791 2222 loqueretur
2838 2162 2914 2203 ex

611 2250 920 2330 tempore.
1016 2246 1481 2329 pronuntiabat
1537 2246 1712 2308 dulci
1767 2249 1831 2308 et
1896 2246 2159 2328 proprio
2222 2245 2499 2327 quodam
2562 2247 2693 2310 oris
2756 2267 2912 2309 sono

612 2353 932 2436 dabatque
988 2353 1242 2417 assidue
1297 2350 1625 2436 phonasco
1684 2373 1976 2435 operam3
2033 2350 2141 2414 sed
2197 2373 2685 2435 nonnumquam
2742 2353 2915 2416 infir-

609 2461 799 2523 matis
846 2460 1139 2524 faucibus
1187 2459 1517 2541 praeconis
1564 2479 1724 2521 uoce
1770 2457 1848 2521 ad
1894 2457 2209 2541 populum
2258 2459 2664 2522 contionatus
2713 2463 2824 2523 est.

505 2561 597 2627 85
795 2564 1003 2629 Multa
1050 2565 1215 2629 uarii
1261 2564 1510 2649 generis
1556 2586 1749 2648 prosa
1796 2565 2085 2629 oratione
2131 2565 2513 2648 composuit,
2561 2588 2639 2628 ex
2682 2566 2913 2649 quibus
2944 2587 2997 2626 20

610 2670 923 2735 nonnulla
968 2672 1039 2735 in
1085 2676 1272 2736 coetu
1318 2671 1736 2735 familiarium
1783 2673 1964 2735 uelut
2009 2672 2077 2735 in
2115 2670 2434 2735 auditorio
2472 2673 2787 2755 recitauit,
2835 2673 2914 2737 si-

613 2782 720 2842 cut
765 2778 1146 2862 rescripta
1192 2778 1434 2842 Bruto
1483 2779 1572 2841 de
1633 2777 1946 2862 Catone,
2003 2800 2166 2862 quae
2212 2781 2547 2842 uolumina
2591 2799 2739 2843 cum
2785 2781 2908 2843 iam

611 2885 826 2948 senior
871 2907 950 2949 ex
997 2906 1230 2970 magna
1275 2888 1460 2967 parte
1504 2885 1786 2969 legisset,
1829 2884 2139 2969 fatigatus
2178 2884 2436 2949 Tiberio
2475 2885 2739 2949 tradidit
2775 2908 2914 2970 per-

609 2991 907 3078 legenda;
954 2991 1110 3055 item
1154 2990 1644 3056 hortationes
1693 2992 1783 3054 ad
1818 2990 2434 3076 philosophiam,
2472 2996 2537 3056 et
2574 2991 2790 3075 aliqua
2827 2992 2912 3058 de

610 3098 775 3162 uita
823 3120 981 3181 sua,
1037 3120 1229 3182 quam
1286 3099 1593 3164 tredecim
1648 3097 1832 3162 libris
1883 3096 2268 3164 Cantabrico
2327 3103 2514 3162 tenus
2568 3099 2739 3163 bello
2793 3120 2912 3163 nec
2942 3120 2992 3160 25

757 3334 783 3380 7
827 3328 982 3396 Epit.
1016 3334 1066 3394 1,
1097 3331 1168 3380 17
1204 3327 1532 3381 liberalibus
1571 3327 1792 3394 studiis,
1829 3328 2161 3396 praesertim
2201 3327 2556 3397 eloquentiae
2594 3329 2654 3380 in
2690 3330 2912 3382 tantum

610 3408 961 3474 111011111116116,
1001 3412 1066 3462 111
1104 3407 1310 3475 111111116,
1347 3425 1419 3462 116
1456 3409 1515 3460 111
1552 3408 1848 3476 procinctu
1885 3408 2131 3474 quidem,
2169 3408 2456 3462 laberetur
2484 3408 2621 3474 dies,
2660 3409 2798 3475 quin
2834 3408 2913 3462 le-

609 3492 784 3558 geret,
824 3489 1118 3554 scriberet,
1158 3489 1499 3542 declamaret
1535 3490 1608 3556 (u.
1641 3490 1675 3543 l.
1715 3489 1993 3558 dictaret).
2082 3490 2264 3543 Victor
2303 3490 2451 3543 Caes,
2483 3495 2534 3554 1,
2564 3492 2598 3542 5
2636 3505 2762 3542 cum
2801 3489 2913 3542 610-

611 3569 876 3637 quentiae
915 3569 1103 3624 studio
1249 3569 1389 3621 mire
1427 3568 1777 3621 attineretur.
1853 3571 1921 3635 cf.
1963 3569 2238 3622 Einhard.
2273 3574 2357 3622 19.
2378 3572 2453 3622 25
2491 3572 2612 3622 erat
2649 3568 2912 3637 eloquen-

609 3649 694 3701 tia
742 3649 1001 3717 copiosus
1050 3653 1106 3703 et
1153 3648 1461 3702 exuberans
1509 3649 1845 3716 poteratque
1893 3649 2171 3717 quidquid
2217 3647 2395 3702 uellet
2432 3649 2786 3717 apertissime
2821 3666 2913 3703 ex-

609 3729 853 3796 primere
882 3730 961 3798 (p.
988 3733 1111 3795 103,
1132 3732 1236 3797 11).
1385 3733 1416 3781 8
1455 3729 1600 3783 Suet.
1642 3729 1708 3782 de
1743 3731 1873 3783 rhet.
1907 3735 1936 3782 1
1985 3729 2217 3795 quidam
2253 3728 2511 3782 historici
2556 3730 2914 3783 tradiderunt

613 3851 624 3862 .
659 3851 669 3860 .
705 3851 713 3858 .
756 3807 1114 3861 declamandi
1171 3809 1633 3862 consuetudinem
1677 3852 1686 3861 .
1721 3852 1730 3861 .
1766 3852 1775 3862 .
1816 3810 2134 3878 Augustum
2189 3824 2258 3861 ne
2319 3808 2628 3862 Mutinensi
2683 3809 2913 3877 quidem

612 3888 760 3942 bello
800 3888 1070 3942 omisisse.

761 4109 791 4155 3
828 4104 975 4157 facie
1004 4107 1061 4168 T,
1089 4103 1260 4156 facile
1282 4102 1515 4170 MGX',
1549 4103 1831 4156 facilitate
1852 4102 1930 4157 Ρ2
2044 4102 2306 4156 amabilis
2328 4102 2454 4158 MG‘-
2467 4104 2604 4173 VQ1,
2633 4120 2718 4157 -es
2744 4106 2837 4159 rel.

613 4186 670 4237 et
701 4191 831 4251 post
866 4184 1237 4250 conquirebat
1264 4185 1391 4238 add.
1416 4183 1467 4235 V
1606 4189 1638 4235 4
1678 4184 1943 4252 pumilios
1972 4184 2153 4252 (pom-
2172 4184 2345 4253 PST)
2366 4187 2424 4236 X
2430 4182 2444 4202 '
2556 4189 2623 4237 10
2651 4185 2912 4255 princeps

613 4263 801 4331 Spejer
948 4270 1011 4316 12
1050 4263 1270 4318 ratione
1303 4263 1354 4317 G
1501 4263 1763 4318 deficeret
1790 4267 1849 4316 X
1989 4269 2057 4315 14
2094 4267 2402 4317 assumeret
2439 4264 2589 4332 (ads-
2620 4265 2812 4333 VPS¹>
2842 4268 2912 4329 Ω,

610 4359 747 4396 corr.
787 4342 898 4402 δὶς
1046 4348 1110 4396 16
1151 4343 1388 4412 scriptos
1428 4360 1460 4402 ς
1499 4344 1773 4413 (Bentley,
1811 4345 2056 4411 Burin),
2103 4343 2327 4413 scriptis
2365 4347 2445 4410 Ω,
2490 4344 2550 4397 111
2597 4345 2821 4414 scriptis
2861 4362 2911 4410 ς,

611 4422 683 4475 (16
732 4423 940 4492 scripto
982 4424 1175 4477 Modd.
1370 4429 1434 4476 18
1481 4423 1791 4493 phonaisco
1832 4426 1907 4478 M
1919 4427 1988 4489 T,
2032 4424 2320 4492 phonasco
2363 4425 2440 4492 G,
2485 4424 2614 4478 uoci
2657 4441 2726 4479 ss.
2765 4425 2828 4477 in
2868 4425 2920 4479 V

616 4507 681 4555 19
721 4504 985 4557 continuo
1022 4506 1189 4557 natus
1231 4504 1309 4558 G²
1348 4506 1502 4573 (corr.
1540 4522 1609 4558 m.
1648 4506 1772 4574 rec.)
1919 4509 1983 4556 21
2023 4503 2119 4557 uel
2158 4503 2210 4559 G‘-
2354 4503 2699 4558 adiutorium
2736 4505 2788 4557 V
