3325 5209
1200 427 1578 482 VITELLIVS
1618 439 1749 488 [cu.
1781 439 1956 489 11—14]
2601 426 2728 491 301

436 594 562 657 fuit
593 614 746 658 cena
776 594 925 657 data
962 594 1021 656 ei
1051 592 1413 659 aduenticia
1441 615 1477 654 a
1514 591 1731 674 fratre,
1777 592 1845 655 in
1892 614 2019 675 qua
2067 592 2194 654 duo
2241 591 2421 654 milia
2466 589 2734 654 lectissi-

436 722 688 764 morum
719 700 1012 784 piscium,
1043 703 1285 784 septem
1316 699 1533 764 auium
1564 699 1861 783 apposita
1889 698 2242 762 traduntur.
2287 695 2453 761 hanc
2477 718 2732 780 quoque

436 807 815 891 exuperauit
842 808 979 890 ipse
1008 805 1404 870 dedicatione
1433 807 1710 890 patinae,
1749 827 1940 889 quam
1970 804 2051 867 ob
2081 804 2458 868 immensam
2488 804 2732 889 magni-

435 914 720 978 tudinem
770 912 1099 998 clipeum
1147 912 1535 976 Mineruae
1581 913 2013 995 πολιούχου
2061 911 2412 975 dictitabat.
2497 911 2565 973 in
2610 910 2732 975 hac

321 1028 325 1033 '
376 1045 405 1085 5
438 1042 766 1093 scarorum
803 1021 1100 1103 iocinera,
1143 1019 1597 1103 phasianarum
1637 1024 1702 1083 et
1738 1040 2066 1104 pauonum
2105 1017 2432 1100 cerebella,
2476 1016 2732 1101 linguas

436 1127 1029 1212 phoenicopterum,
1084 1149 1491 1191 murenarum
1548 1126 1747 1190 lactes
1795 1149 1832 1188 a
1881 1124 2144 1190 Parthia
2189 1147 2392 1208 usque
2437 1124 2731 1207 fretoque

436 1233 790 1318 Hispanico
859 1255 975 1317 per
1028 1232 1389 1298 nauarchos
1443 1254 1517 1296 ac
1569 1233 1866 1296 triremes
1913 1232 2263 1315 petitarum
2312 1230 2735 1294 commiscuit..

436 1344 509 1404 ut
549 1346 760 1404 autem
799 1341 995 1405 homo
1032 1362 1164 1405 non
1199 1340 1557 1423 profundae
1584 1341 1778 1403 modo
1810 1340 1921 1403 sed
1948 1339 2442 1422 intempestiuae
2471 1358 2731 1421 quoque
2770 1354 2801 1402 3

438 1460 522 1511 ac‘
548 1448 841 1512 sordidae
879 1449 1085 1533 gulae,
1128 1469 1210 1511 ne
1248 1446 1316 1511 in
1354 1446 1667 1511 sacrificio
1711 1446 1969 1530 quidem
2007 1468 2316 1529 umquam
2354 1448 2465 1508 aut
2502 1444 2731 1508 itinere

303 1610 314 1617 .
354 1579 407 1618 ιο
436 1554 571 1619 ullo
626 1555 1041 1639 temperauit‚
1109 1554 1266 1637 quin
1321 1554 1490 1617 inter
1544 1554 1773 1618 altaria
1829 1552 2067 1616 ibidem
2125 1551 2347 1616 statim
2406 1551 2620 1615 uiscus
2667 1554 2732 1614 et

434 1662 623 1725 farris
661 1664 897 1746 †paene
944 1665 1129 1746 rapta
1166 1683 1200 1723 e
1246 1661 1391 1724 foco
1437 1661 1770 1724 manderet
1817 1661 2113 1743 circaque
2159 1659 2411 1722 uiarum
2458 1657 2730 1741 popinas

434 1768 752 1831 fumantia
801 1767 1072 1831 obsonia
1115 1766 1218 1831 vel
1263 1766 1557 1850 pridiana
1604 1773 1802 1849 atque
1850 1789 2110 1831 semesa.

616 1873 863 1937 Pronus
923 1895 1078 1938 uero
1140 1874 1219 1937 ad
1280 1873 1742 1955 cuiuscumque
1804 1876 1867 1936 et
1931 1893 2338 1955 quacumque
2400 1872 2476 1935 de
2536 1891 2727 1934 causa
2747 1868 2837 1935 14

435 2002 657 2044 necem
714 1985 912 2063 atque
969 1979 1352 2064 supplicium
1410 1979 1662 2043 nobiles
1718 1979 1921 2063 nime,
1984 1978 2454 2063 condiscipulos
2512 1982 2575 2042 et
2631 1999 2728 2040 ae-

356 2107 408 2148 15
441 2086 661 2169 quales
722 2109 900 2171 81103,
962 2087 1262 2150 omnibus
1324 2085 1655 2150 blanditiis
1715 2089 1968 2150 tantum
2026 2105 2160 2149 non
2219 2084 2298 2147 ad
2358 2083 2727 2148 societatem

436 2193 691 2277 imperii
738 2193 1146 2258 adlicefactos
1194 2192 1374 2257 uario
1422 2215 1653 2279 genere
1700 2193 1942 2257 fraudis
1991 2188 2247 2276 occidit,
2297 2192 2489 2256 etiam
2526 2213 2727 2254 unum

434 2322 681 2364 ueneno
727 2323 921 2364 manu
970 2323 1085 2363 sua
1130 2304 1426 2385 porrecto
1474 2299 1541 2363 in
1589 2321 1795 2383 aquae
1849 2300 2119 2385 frigidae
2175 2298 2466 2383 potione,
2533 2319 2728 2380 quam

433 2407 489 2470 is
550 2408 838 2472 adfectus
897 2407 1075 2473 febre
1134 2413 1533 2491 poposcerat.
1624 2412 1764 2471 tum
1823 2407 2295 2470 faeneratorum
2356 2409 2420 2468 et
2466 2402 2728 2488 stipula·
2768 2419 2798 2465 2

433 2518 650 2577 torum
696 2514 1333 2599 publicanorumque‚
1384 2514 1497 2597 qui
1542 2537 1853 2597 umquam
1898 2536 1964 2576 se
2004 2516 2114 2577 aut
2155 2513 2394 2576 Romae
2441 2510 2727 2575 debitum

352 2640 407 2681 20
436 2626 547 2684 aut
602 2621 671 2684 in
724 2622 834 2685 uia
880 2622 1244 2704 portorium
1291 2620 1707 2707 flagitassent,
1768 2620 1878 2684 uix
1926 2619 2044 2683 ulli
2089 2619 2402 2704 pepercit3
2468 2639 2546 2681 ex
2594 2617 2729 2700 qui-

434 2728 554 2791 bus
618 2728 933 2810 quendam
999 2728 1069 2792 in
1127 2728 1269 2812 ipsa
1331 2728 1715 2792 salutatione
1761 2726 2078 2812 supplicio
2125 2726 2437 2790 traditum
2485 2723 2731 2788 statim-

438 2856 562 2916 que
608 2838 999 2918 reuocatum‚
1048 2835 1294 2899 cunctis
1342 2833 1747 2899 clementiam
1792 2832 2223 2915 laudantibuS,
2277 2853 2492 2896 coram
2537 2830 2731 2894 inter-

433 2939 541 3003 fici
587 2941 802 3025 iussit,
848 2941 1052 3004 uelle
1097 2963 1172 3005 se
1220 2942 1435 3005 dicens
1473 2962 1787 3026 pascere
1826 2940 2117 3024 oculos3
2178 2938 2440 3003 alterius
2486 2958 2729 3022 poenae

436 3047 597 3111 duos
636 3047 807 3111 filios
846 3048 1081 3113 adiecit
1119 3047 1444 3133 deprecari
1479 3070 1597 3131 pro
1636 3051 1819 3132 patre
1856 3051 2139 3111 conatos,
2195 3045 2304 3108 sel
2344 3048 2406 3109 et
2445 3044 2727 3127 equitem
2767 3057 2797 3104 3

352 3173 407 3214 25
436 3154 513 3218 R.
552 3156 1074 3238 proclamantem,
1114 3176 1257 3218 cum
1296 3158 1627 3239 raperetur
1664 3155 1743 3218 ad
1780 3175 2080 3238 poenam:
2127 3152 2346 3216 heres
2383 3173 2588 3215 meus
2627 3171 2731 3231 ee,

435 3261 738 3325 exhibere
806 3263 1178 3326 testamenti
1246 3261 1501 3326 tabulas
1573 3261 1803 3346 coegit,
1873 3264 2076 3343 utque
2133 3258 2296 3344 legit
2355 3256 2727 3336 coheredem

435 3366 561 3431 sibi
607 3368 912 3432 libertum
961 3369 1099 3433 eius
1147 3368 1520 3453 ascriptum,
1568 3366 1847 3453 iugulari
1894 3387 2040 3430 cum
2084 3366 2320 3430 liberto
2368 3362 2729 3447 imperauit.

435 3473 741 3558 quosdam
803 3480 867 3539 et
928 3476 1002 3540 de
1063 3474 1251 3560 plebe
1313 3475 1394 3538 ob
1458 3474 1524 3538 id
1583 3473 1815 3557 ipsum,
1887 3472 2059 3557 quod
2116 3471 2401 3535 Venetae
2461 3469 2730 3534 factioni

435 3581 601 3644 clare
650 3582 815 3646 male
863 3583 1172 3662 dixerant,
1226 3581 1553 3645 interemit
1610 3583 1985 3663 contemptu
2033 3581 2130 3643 sui
2181 3583 2245 3642 et
2289 3599 2461 3642 noua
2506 3598 2617 3661 spe
2664 3575 2730 3638 id

581 3762 604 3809 1
647 3756 780 3819 data
817 3760 904 3811 est
940 3756 993 3810 ei
1032 3764 1152 3826 (om.
1181 3758 1313 3826 fuit)
1337 3756 1388 3810 G
1542 3754 1866 3809 aduenticia
1904 3771 2005 3808 om.
2033 3754 2145 3807 TN
2283 3758 2315 3804 3
2354 3751 2415 3804 in
2441 3758 2573 3820 post
2607 3751 2729 3819 ipse

432 3836 562 3890 add.
594 3838 663 3890 H
797 3843 832 3890 4
861 3837 1261 3890 ΤΟΝΔΥΧΟΥ
1291 3838 1355 3906 (Δ
1378 3853 1483 3905 pro
1503 3838 1551 3888 Δ
1581 3837 1644 3889 in
1670 3836 1794 3904 ΤΤ)
1816 3837 1884 3899 Ω,
1923 3852 2059 3889 corr.
2089 3837 2151 3888 in
2178 3834 2297 3888 edd.
2325 3838 2429 3887 uet.
2462 3831 2640 3900 (Rom.
2661 3831 2730 3884 11

435 3916 548 3983 al.),
584 3932 652 3969 ss.
682 3919 769 3969 art
797 3915 1069 3969 ambabus
1097 3918 1160 3970 in
1180 3916 1277 3971 LS
1418 3916 1672 3970 dictabat
1703 3917 1787 3983 M,
1817 3915 2157 3969 dictitabant
2188 3914 2241 3970 G
2317 3931 2321 3935 ·
2385 3917 2417 3965 ὅ
2447 3927 2731 3966 scarorum

435 4010 717 4048 sacrorum
748 3997 822 4050 M
957 3996 1300 4050 fasianarum
1329 3997 1486 4065 (fass-
1519 3996 1728 4065 ML81)
1762 3995 2049 4063 MGLRS',
2086 3994 2428 4048 fasianorum
2467 3991 2626 4061 (fass-
2654 3991 2729 4056 R)

434 4074 503 4126 H
507 4075 625 4142 TN,
663 4074 1115 4144 fasianorumque
1152 4077 1202 4130 T
1310 4092 1557 4146 paonum
1588 4077 1663 4130 M
1663 4075 1715 4129 G
1825 4080 1855 4126 6
1893 4074 2458 4143 phoenicopterorum
2487 4071 2633 4126 Roth

433 4153 633 4222 pathia
671 4156 727 4211 R
764 4157 1123 4223 (coniecerunt
1169 4155 1469 4226 Carpathio
1483 4198 1497 4223 ‚
1545 4155 1792 4221 Carteia,
1840 4153 2172 4223 Carpetano)
2391 4157 2418 4204 7
2458 4166 2729 4204 nauarcos

438 4234 674 4290 MGXR
891 4242 953 4288 11
993 4235 1143 4288 farra
1180 4254 1213 4295 ς
1261 4238 1362 4305 (ed.
1392 4237 1554 4292 Rom.
1583 4237 1698 4305 ΙΙ),
1750 4233 1914 4287 farris
1960 4233 2141 4287 frusta
2188 4234 2349 4304 (-stra
2387 4234 2432 4302 ε)
2464 4250 2519 4300 ς,
2566 4230 2729 4284 farris

433 4330 611 4385 grana
644 4315 803 4381 Oud„
839 4314 1133 4368 farcimina
1171 4318 1427 4387 Bentley,
1474 4316 1591 4369 liba
1632 4315 1797 4368 farris
1835 4316 2008 4382 Roth,
2053 4314 2219 4368 farris
2264 4329 2439 4383 panes
2478 4313 2596 4382 (hoe
2622 4328 2730 4379 pro

431 4396 631 4464 paene)
664 4395 732 4449 G.
761 4397 966 4450 Becker
1108 4396 1402 4450 mandaret
1425 4396 1476 4450 G
1623 4401 1688 4449 13
1724 4397 1782 4449 et
1809 4410 2159 4464 quacumque
2189 4396 2253 4447 in
2277 4410 2450 4463 mary.
2479 4391 2609 4446 add.
2633 4389 2731 4446 M*

436 4480 501 4527 15
539 4490 653 4528 non
680 4493 781 4530 om.
816 4478 891 4531 M
1069 4481 1133 4530 18
1171 4477 1294 4529 tum
1330 4478 1486 4545 (tunc
1522 4478 1592 4546 T)
1622 4480 1680 4529 Χ
1683 4479 1741 4542 Y,
1780 4477 1899 4529 tam
1931 4474 2071 4539 ΜΘ,
2110 4474 2226 4527 iam
2254 4472 2561 4528 Salmasius
2595 4477 2731 4525 recte

422 4563 564 4625 puto
594 4556 684 4624 (cf.
713 4558 825 4611 Iul.
854 4559 949 4625 27)
1061 4563 1128 4611 26
1156 4556 1379 4611 tabulas
1408 4555 1734 4610 testamenti
1767 4556 1819 4610 G
1925 4555 2121 4622 utique
2145 4556 2231 4619 M,
2259 4553 2468 4620 ubique
2496 4552 2729 4606 Salmas.
