3325 5209
1072 394 1290 449 DIVVS
1330 395 1688 450 GLAVDIVS
1727 408 1857 456 [cAP.
1890 408 2064 457 27-29]
2550 398 2676 461 221

387 561 646 643 ciaeque
710 558 981 623 Iudaeae
1046 559 1446 642 praeposuit,
1522 559 1720 622 trium
1786 560 2154 645 reginarum
2218 561 2551 643 maritu1n3
2620 565 2683 624 et

386 667 791 750 Harpocran,
848 666 950 729 cui
996 665 1222 728 lectica
1277 686 1393 747 per
1437 665 1659 728 urbem
1709 665 1986 729 uehendi
2034 666 2523 750 spectaculaque
2568 689 2681 750 pu-

385 773 552 838 blice
605 772 831 836 edendi
887 773 988 835 ius
1043 771 1301 854 tribuit3
1359 792 1432 833 ac
1488 793 1680 855 super
1734 771 1854 836 hos
1912 772 2253 856 Polybium
2303 773 2382 835 ab
2433 773 2684 857 studiis,

388 882 501 964 qui
564 901 753 964 saepe
814 879 984 943 inter
1045 879 1205 942 duos
1268 878 1562 943 consules
1624 878 2024 959 ambulabat3
2095 880 2207 943 sed
2265 883 2414 943 ante
2476 880 2685 943 omnis

336 1010 359 1050 5
391 985 769 1051 Narcissum
827 986 907 1049 ab
966 985 1261 1070 epistulis
1310 991 1373 1050 et
1428 984 1788 1049 Pallantem
1838 1009 1874 1048 a
1920 985 2306 1068 rationibus,
2365 1008 2526 1070 quos
2586 986 2684 1049 de-

392 1101 565 1157 creto
615 1114 871 1176 quoque
918 1096 1180 1156 senatus
1227 1114 1358 1156 non
1405 1092 1708 1177 praemiis
1766 1092 1958 1156 modo
2008 1092 2408 1178 ingentibus,
2465 1093 2574 1156 sed
2624 1097 2686 1156 et

394 1199 779 1283 quaestoriis
835 1199 1307 1283 praetoriisque
1368 1199 1763 1262 ornamentis
1824 1197 2130 1262 honorari
2189 1199 2399 1263 libens
2457 1221 2688 1283 passus

394 1310 517 1389 est3
577 1310 833 1369 tantum
891 1309 1222 1389 praeterea
1283 1305 1620 1389 adquirere
1682 1308 1746 1368 et
1806 1326 2060 1389 rapere,
2121 1309 2195 1368 ut
2251 1309 2556 1389 querente
2613 1326 2687 1369 eo

394 1413 715 1496 quondam
765 1413 841 1475 de
879 1412 1017 1476 fisci
1058 1412 1410 1497 exiguitate
1447 1434 1577 1475 non
1616 1411 1892 1476 absurde
1933 1411 2175 1475 dictum
2215 1412 2316 1494 sit,
2357 1412 2688 1476 abunda-

314 1545 366 1582 ιο
394 1527 674 1601 turum,
714 1520 778 1581 si
816 1541 853 1581 a
882 1518 1178 1582 duobus
1216 1518 1531 1582 libertis
1570 1519 1646 1582 in
1678 1519 2153 1582 consortium
2193 1519 2689 1601 reciperetur.

394 1625 514 1709 his,
533 1629 604 1689 ut
627 1625 757 1689 dixi
781 1626 868 1707 (c.
889 1627 1034 1708 25>‚
1054 1625 1491 1708 uxoribusque
1521 1625 1833 1707 addictuS,
1861 1647 1993 1688 non
2020 1625 2379 1709 principem
2402 1625 2547 1709 [se],
2578 1624 2689 1689 sed
2708 1625 2796 1690 29

394 1733 766 1795 ministrum
814 1732 966 1816 egit,
1014 1731 1393 1814 compendio
1444 1732 1754 1814 cuiusque
1799 1731 2032 1794 horum
2080 1730 2185 1795 uel
2233 1732 2427 1795 etiam
2475 1731 2690 1795 studio

396 1842 507 1901 aut
552 1838 823 1902 libidine
879 1836 1155 1901 honores
1205 1838 1520 1901 exercitus
1576 1836 1998 1920 impunitates
2056 1837 2371 1920 supplicia
2418 1837 2691 1922 largitus

399 1949 514 2029 est,
562 1948 625 2008 et
674 1944 935 2028 quidem
989 1944 1266 2007 insciens
1321 1943 1701 2027 plerumque
1749 1947 1813 2007 et
1861 1943 2142 2028 ignarus.
2226 1965 2299 2006 ac
2342 1965 2424 2005 ne
2472 1944 2693 2028 singil-

321 2074 371 2115 111
399 2052 584 2115 latim
632 2051 884 2114 minora
932 2072 1185 2134 quoque
1243 2071 1636 2132 enumerem,
1689 2053 2022 2113 reuocatas
2068 2049 2492 2113 liberalitates
2540 2049 2694 2131 61118,

401 2158 636 2222 iudicia
685 2157 973 2240 rescissa,
1021 2156 1393 2240 suppositos
1443 2160 1554 2218 aut
1602 2156 1796 2219 etiam
1844 2156 2059 2240 palam
2099 2156 2474 2220 immutatos
2520 2155 2694 2218 dato-

399 2288 543 2328 rum
590 2264 955 2329 officiorum
994 2262 1353 2327 codicillos:
1401 2261 1689 2345 Appium
1721 2261 2013 2325 Silanum
2052 2283 2467 2326 consocerum
2509 2284 2695 2333 suum

400 2370 752 2454 Iuliasque,
814 2370 1080 2435 alteram
1129 2370 1354 2452 Drusi,
1414 2369 1679 2432 alteram
1734 2367 2095 2433 Germanici
2150 2369 2376 2442 filiam,
2432 2368 2697 2432 crimine

402 2479 644 2542 incerto
693 2499 809 2541 nec
856 2477 1226 2540 defensione
1274 2476 1407 2539 ulla
1455 2477 1603 2539 data
1651 2475 1915 2558 occidit,
1961 2477 2116 2539 item
2166 2474 2276 2540 On.
2315 2474 2696 2559 Pompeium

324 2607 375 2645 20
408 2584 667 2647 maioris
714 2584 886 2647 filiae
932 2584 1146 2647 uirum
1186 2587 1248 2646 et
1286 2582 1356 2645 L.
1397 2580 1683 2646 Silanum
1724 2583 1994 2647 minoris
2035 2604 2360 2666 sponsum.
2445 2604 2524 2645 ex
2562 2580 2697 2665 qui-
2737 2602 2767 2648 2

406 2691 526 2752 bus
572 2689 920 2772 Pompeius
959 2691 1026 2752 in
1065 2688 1406 2753 concubitu
1451 2688 1669 2752 dilecti
1706 2689 2170 2753 adulescentuli
2209 2689 2545 2761 confossus
2583 2692 2700 2771 est,

408 2794 662 2859 Silanus
702 2796 997 2859 abdicare
1036 2817 1102 2859 se
1141 2800 1440 2879 praetura
1477 2799 1624 2858 ante
1661 2793 1809 2859 IIII.
1839 2795 1981 2859 Kal.
2011 2793 2142 2859 Ian.
2182 2795 2472 2880 morique
2511 2795 2699 2859 initio

408 2902 555 2966 anni
608 2905 867 2966 coactus
914 2902 1015 2966 die
1064 2902 1205 2987 ipso
1255 2901 1565 2986 Claudi[i]
1615 2905 1680 2965 et
1719 2899 2114 2986 Agrippinae
2161 2902 2550 2986 nuptiarum.
2635 2903 2701 2965 in

410 3010 692 3094 quinque
741 3013 806 3072 et
851 3009 1124 3093 triginta
1164 3013 1490 3073 senatores
1527 3012 1978 3093 trecentosque
2021 3008 2297 3091 amplius
2337 3009 2585 3091 equites
2623 3008 2699 3072 R.

554 3226 583 3271 3
624 3220 778 3287 Epit.
809 3223 919 3285 4,8
956 3218 1254 3287 Polybium
1300 3219 1447 3272 inter
1493 3218 1751 3272 consules
1795 3217 2045 3272 medium
2091 3219 2350 3273 incedere
2391 3219 2544 3272 fecit.
2601 3218 2702 3272 hos

411 3315 602 3352 omnes
650 3299 905 3352 anteibat
942 3298 1237 3353 Narcissus
1286 3299 1357 3351 ab
1396 3299 1681 3367 epistuliS‚
1733 3298 2021 3352 dominum
2059 3315 2117 3352 se
2155 3316 2353 3368 gerens
2390 3301 2568 3368 ipsius
2608 3300 2704 3352 do-

411 3380 567 3445 mini,
605 3378 906 3446 Pallasque
936 3378 1257 3448 (palamque
1287 3380 1624 3445 Laudolfus>
1653 3378 1950 3448 praetoriis
1981 3380 2322 3432 ornamentis
2353 3379 2701 3433 sublimatus.

412 3461 481 3525 cf.
521 3459 693 3514 Schol.
725 3461 854 3512 qu.
889 3464 1114 3526 14‚329.
1156 3465 1204 3525 1,
1228 3464 1335 3513 109
1490 3464 1520 3512 8
1563 3460 1716 3527 Epit.
1747 3464 1855 3525 4‚8
1894 3459 2035 3513 adeo
2075 3459 2297 3523 diuites,
2336 3462 2401 3512 ut
2438 3462 2704 3513 causante

413 3557 479 3594 eo
531 3539 783 3608 inopiam
834 3540 979 3604 fisci,
1032 3538 1380 3608 lepidissime
1434 3538 1651 3592 famoso
1704 3539 1888 3609 elogio
1935 3539 2231 3606 uulgatum
2279 3541 2354 3593 sit
2391 3541 2613 3594 abunde
2652 3540 2705 3593 ei

414 3621 709 3689 pecuniam
750 3618 885 3685 fore,
924 3621 971 3672 si
1002 3637 1035 3673 a
1064 3620 1283 3672 duobus
1312 3618 1532 3674 libertis
1561 3620 1620 3672 in
1648 3620 1975 3672 societatem
2006 3621 2361 3688 reciperetur.
2476 3626 2539 3673 11
2571 3621 2701 3673 ibid.

415 3705 465 3766 4,
486 3705 519 3753 3
556 3699 887 3753 libertorum
932 3701 990 3753 et
1028 3700 1283 3769 coniugis
1320 3699 1570 3768 imperiis
1610 3700 1894 3753 subiectus
1933 3698 2058 3752 fuit.
2108 3700 2176 3764 ef.
2210 3700 2392 3752 Victor
2422 3701 2567 3754 Caes.
2599 3703 2651 3764 4,
2673 3704 2705 3753 5

415 3780 751 3833 Messalinae
803 3779 1057 3849 coniugis
1110 3779 1388 3846 simulque
1438 3780 1767 3833 libertorum
1816 3778 2223 3843 delinimentiS,
2279 3779 2482 3846 quibus
2530 3782 2707 3832 semet

418 3860 725 3913 dediderat.
909 3866 976 3913 23
1020 3861 1167 3914 Oros.
1212 3861 1334 3913 VII
1365 3866 1416 3926 6,
1449 3866 1518 3912 18
1564 3876 1741 3928 paruo
1791 3862 1981 3912 autem
2027 3859 2409 3913 intercedente
2455 3863 2706 3929 tempore

416 3940 655 4008 triginta
692 3942 750 3992 et
786 3941 1034 4008 quinque
1074 3942 1357 3993 senatores
1395 3943 1453 3993 et
1489 3942 1770 3992 trecentos
1809 3939 1974 3992 simul
2022 3939 2240 4007 equites
2288 3940 2567 3992 Romanos
2604 3940 2707 3991 mi-

417 4019 584 4073 nimis
623 4019 806 4072 causis
844 4020 1143 4074 interfecit.

562 4205 593 4250 6
639 4196 1024 4265 indigentibus
1070 4197 1288 4252 MGRa
1485 4202 1513 4249 7
1562 4198 1749 4249 ornari
1794 4198 1859 4249 N
1864 4214 1895 4255 ς
1949 4199 2138 4267 (uuly.)
2329 4198 2570 4250 libenter
2611 4199 2711 4267 HQ

422 4285 479 4331 11
526 4294 585 4331 86
622 4277 721 4330 del.
759 4276 1028 4331 Graevius
1217 4283 1281 4329 13
1321 4276 1657 4344 impunitate
1690 4278 1786 4341 M,
1833 4279 1970 4329 -tem
2019 4278 2274 4348 Bentley,
2326 4278 2711 4330 immunitates

419 4359 650 4427 Lipsius
814 4363 880 4409 14
918 4360 1005 4410 est
1041 4358 1140 4411 del.
1174 4358 1403 4425 Bentley
1536 4362 1601 4409 15
1640 4372 1898 4424 quaeque
1936 4358 2148 4426 (queq-)
2184 4359 2367 4412 GXH
2482 4363 2543 4410 17
2585 4374 2712 4411 con-

421 4454 664 4492 socerem
693 4441 752 4489 X
771 4439 902 4506 (non
936 4438 1022 4505 T),
1065 4438 1307 4491 debuisse
1345 4453 1595 4489 socerum
1633 4443 1808 4490 censet
1848 4439 2150 4492 Mommsen
2298 4443 2358 4491 19
2397 4437 2500 4489 ulli
2544 4439 2710 4491 Grae-

420 4521 543 4573 vius
688 4523 755 4569 24
796 4518 985 4585 CCque
1024 4518 1152 4571 olim
1189 4518 1458 4571 Bu'cheler
1601 4519 1657 4569 et
1687 4523 1815 4585 post
1850 4519 2239 4585 trecentosque
2279 4519 2405 4571 add.
2442 4518 2493 4572 G·
