3325 5209
595 422 627 487 1
639 424 671 485 1
682 423 721 485 6
1286 418 1342 474 C.
1385 419 1700 474 SVETONI
1736 419 2184 485 TRANQVILLI

587 587 829 650 laretur
874 589 939 650 et
984 586 1075 648 ita
1122 585 1190 647 in
1235 584 1433 648 fastos
1480 584 1842 647 referretur.
1925 606 2148 646 uerum
2197 582 2485 648 adhibito
2531 583 2885 647 honoribus

589 693 782 755 modo
830 680 1130 755 bifariam
1174 691 1472 754 laudatus
1521 695 1641 754 est:
1695 712 1813 773 pro
1862 691 2015 754 aede
2061 690 2216 753 Diui
2262 688 2388 753 Iuli
2433 713 2470 753 a
2517 690 2772 755 Tiberio
2822 694 2886 754 et

587 820 706 882 pro
754 798 979 862 rostris
1027 798 1352 862 ueteribus
1402 820 1438 860 a
1474 796 1687 860 Druso
1728 796 1944 861 Tiberi
1991 798 2148 879 filio,
2196 819 2268 860 ac
2307 801 2674 861 senatorum
2712 820 2884 861 ume-

516 921 550 969 4
590 906 678 968 ris
727 905 977 969 delatus
1039 905 1108 968 in
1157 904 1470 988 Campum
1526 908 1986 987 crematusque.
2070 926 2188 967 nec
2236 904 2439 967 defuit
2485 905 2587 967 uir
2631 906 2884 988 praeto-

586 1012 738 1094 riuS,
787 1012 900 1094 qui
939 1034 1005 1076 se
1043 1011 1323 1096 effigiem
1364 1010 1624 1074 cremati
1666 1014 1921 1074 euntem
1961 1010 2029 1072 in
2068 1013 2314 1074 caelum
2353 1011 2590 1075 uidisse
2630 1012 2883 1075 iuraret.
2940 1036 2964 1076 5

584 1118 889 1201 reliquias
917 1118 1212 1204 legerunt
1239 1119 1552 1202 primores
1582 1117 1896 1199 equestris
1927 1117 2167 1181 ordinis
2197 1119 2468 1184 tunicati
2495 1123 2560 1182 et
2590 1118 2884 1182 discincti

586 1226 987 1311 pedibusque
1051 1226 1242 1290 nudis
1308 1247 1381 1289 ac
1444 1225 1775 1289 Mausoleo
1838 1226 2273 1289 condiderunt.
2369 1227 2432 1289 id
2490 1246 2652 1309 opus
2718 1226 2884 1289 inter

585 1332 968 1397 Flaminiam
1030 1333 1203 1396 uiam
1267 1334 1601 1415 ripamque
1657 1330 1905 1395 Tiberis
1967 1336 2147 1396 sexto
2209 1355 2324 1396 suo
2388 1332 2723 1398 consulatu
2780 1354 2883 1395 ex-

585 1444 875 1503 truxerat
931 1440 1496 1521 circumiectasque
1546 1439 1741 1502 siluas
1789 1443 1853 1502 et
1909 1439 2377 1503 ambulationes
2425 1440 2493 1502 in
2537 1461 2723 1502 usum
2772 1462 2883 1522 po-

586 1548 727 1630 puli
772 1547 900 1609 iam
949 1551 1087 1609 tum
1134 1547 1508 1630 publicarat.
2911 1572 2962 1610 10

478 1649 605 1716 101
763 1652 1243 1718 Testamentum
1281 1652 1349 1716 L.
1381 1653 1618 1718 Planco
1661 1650 1727 1716 C.
1764 1650 1924 1715 Silio
1968 1674 2137 1717 conS.
2176 1650 2288 1716 III.
2325 1651 2492 1716 Non.
2531 1651 2805 1735 Apriles,
2838 1671 2941 1708 aas
2958 1668 3061 1716 μο-

586 1764 734 1822 ante
791 1782 1028 1823 annum
1091 1764 1154 1823 et
1211 1764 1515 1843 quattuor
1569 1782 1820 1824 menses
1868 1782 2058 1842 quam
2108 1760 2466 1841 decederet,
2511 1760 2753 1823 factum
2801 1759 2881 1821 ab

584 1887 659 1928 eo
709 1886 781 1929 ac
829 1866 1079 1931 duobus
1129 1868 1456 1931 codicibus
1513 1869 1750 1949 partim
1802 1868 2005 1951 ipsius
2052 1868 2288 1950 partim
2334 1868 2711 1931 libertorum
2763 1867 2881 1931 Po-

585 1971 723 2055 lybi
770 1977 834 2037 et
880 1973 1233 2037 Hilarionis
1281 1997 1475 2037 manu
1524 1975 1835 2056 scriptum
1884 1974 2377 2057 depositumque
2425 1975 2595 2058 apud
2643 1996 2709 2037 se
2757 1977 2882 2039 uir-

585 2080 767 2163 gines
818 2079 1106 2145 Vestales
1154 2102 1299 2144 cum
1346 2081 1556 2144 tribus
1604 2081 1872 2165 signatis
1929 2103 2128 2163 aeque
2175 2081 2615 2144 uoluminibus
2662 2086 2881 2165 protu-
2912 2097 2961 2135 1⁵

581 2186 811 2250 lerunt.
916 2209 1078 2269 quae
1144 2189 1359 2251 omnia
1422 2190 1491 2251 in
1557 2192 1781 2251 senatu
1847 2191 2066 2270 aperta
2131 2192 2322 2270 atque
2386 2188 2650 2251 recitata
2716 2193 2878 2250 sunt.

515 2308 546 2354 2
590 2294 853 2357 heredes
911 2294 1192 2357 instituit
1246 2294 1518 2377 primos:
1575 2292 1904 2357 Tiberium
1965 2315 2042 2355 ex
2096 2298 2277 2377 parte
2327 2294 2589 2357 dimidia
2635 2298 2699 2357 et
2747 2315 2879 2355 sex-

580 2403 777 2482 tante,
825 2399 1077 2462 Liuiam
1127 2422 1205 2462 ex
1250 2404 1432 2483 parte
1480 2401 1687 2482 tertia,
1736 2421 1896 2482 quos
1945 2403 2008 2461 et
2056 2401 2218 2462 ferre
2260 2422 2491 2463 nomen
2529 2422 2715 2463 suum
2754 2402 2879 2463 ius-

578 2508 688 2589 sit3
749 2505 1087 2571 secundos:
1146 2505 1430 2569 Drusum
1477 2505 1694 2570 Tiberi
1749 2506 1955 2569 filium
2005 2528 2081 2568 ex
2139 2507 2395 2588 triente,
2456 2529 2533 2570 ex
2589 2507 2877 2589 partibus

581 2612 849 2694 reliquis
900 2610 1348 2676 Germanicum
1396 2613 1761 2697 liberosque
1810 2615 1945 2679 eius
1993 2618 2120 2677 tres
2170 2635 2357 2677 sexus
2403 2613 2638 2697 uirilis3
2687 2614 2876 2677 tertio
2908 2630 2959 2669 2⁰

582 2720 786 2803 gradu
847 2720 1247 2802 propinquos
1314 2721 1681 2802 amicosque
1748 2722 2113 2804 compluris,
2203 2721 2447 2805 legauit
2502 2722 2746 2804 populo
2802 2720 2877 2783 R.

584 2825 1133 2910 quadringenties,
1200 2827 1495 2890 tribubus
1560 2828 1777 2890 tricies
1842 2828 2180 2910 quinquies
2248 2820 2638 2912 sestertium,
2702 2851 2878 2911 prae-

582 2934 848 2996 torianis
890 2933 1208 2997 militibus
1249 2934 1504 3019 singula
1538 2935 1722 2998 milia
1748 2956 2177 3016 nummorum,
2217 2934 2588 2998 cohortibus
2618 2935 2877 2999 urbanis

583 3040 969 3125 quingenos,
1025 3040 1369 3125 legionaris
1430 3045 1722 3105 trecenos
1768 3063 2094 3125 nummos3
2157 3063 2347 3124 quam
2411 3063 2726 3104 summam
2787 3064 2878 3104 re-

578 3149 973 3230 praesentari
1031 3149 1247 3231 iussit,
1302 3170 1449 3211 nam
1509 3153 1571 3211 et
1627 3149 2038 3213 confiscatam
2097 3170 2348 3231 semper
2402 3148 2878 3230 repositamque
2907 3157 2959 3197 ²5

511 3264 543 3312 3
582 3253 909 3319 habuerat.
994 3256 1241 3339 reliqua
1285 3255 1498 3340 legata
1544 3257 1720 3319 uarie
1768 3255 1942 3320 dedit
1978 3255 2404 3338 perduxitque
2443 3254 2750 3337 quaedam
2799 3253 2879 3315 ad

581 3360 806 3423 uicena
872 3363 1192 3444 sestertia,
1265 3363 1500 3445 quibus
1567 3363 1892 3427 soluendis
1950 3384 2232 3426 annuum
2290 3363 2458 3426 diem
2521 3361 2719 3444 finiit,
2775 3383 2877 3425 ex-

581 3471 805 3531 cusata
858 3469 952 3532 rei
1006 3468 1342 3532 familiaris
1400 3469 1839 3533 mediocritate
1903 3490 2019 3531 nec
2078 3470 2226 3551 plus
2281 3474 2740 3553 peruenturum
2798 3468 2878 3530 ad

579 3572 842 3638 heredes
892 3595 1043 3636 suos
1095 3595 1286 3656 quam
1345 3574 1555 3637 milies
1604 3579 1668 3638 et
1715 3574 2120 3659 quingenties
2166 3577 2495 3659 professus
2507 3626 2523 3657 ,
2579 3576 2875 3657 quamuis

721 3790 754 3835 4
793 3784 1028 3850 Eutrop.
1073 3784 1196 3836 VH
1218 3790 1272 3849 8,
1302 3788 1336 3836 4
1381 3784 1592 3836 Romae
1630 3784 1689 3835 in
1729 3800 1926 3852 campo
1966 3784 2171 3837 Martio
2211 3784 2463 3853 sepultus
2503 3788 2612 3852 est,
2652 3785 2741 3837 uir
2778 3785 2875 3852 qui

577 3881 691 3917 non
729 3863 988 3915 inmerito
1029 3880 1095 3915 ex
1135 3865 1379 3916 maxima
1415 3866 1576 3932 parte
1616 3864 1721 3916 deo
1760 3864 1958 3917 similis
1997 3867 2083 3917 est
2118 3866 2366 3934 putatus,

724 4075 749 4120 1
791 4069 962 4122 falsos
997 4069 1047 4122 G
1158 4076 1188 4121 2
1227 4070 1393 4122 modo
1423 4087 1522 4121 om..
1552 4072 1598 4120 Τ
1706 4075 1736 4121 3
1767 4069 1958 4141 (sub)
1988 4068 2274 4122 ueteribus
2306 4071 2588 4140 Egnatius
2697 4076 2729 4121 4
2760 4085 2872 4121 cre-

577 4149 857 4215 matisque
892 4150 968 4214 G,
1027 4152 1417 4215 crematusque
1457 4150 1543 4202 est
1571 4150 1637 4214 S,
1703 4153 1979 4203 crematus
2020 4155 2105 4203 est
2142 4151 2450 4218 Stephanus
2623 4156 2686 4201 11
2728 4149 2874 4218 apri-

574 4228 645 4279 lis
682 4230 837 4281 G-XT
996 4236 1058 4282 14
1098 4247 1156 4283 se
1196 4248 1295 4284 om.
1331 4231 1391 4295 V,
1440 4246 1534 4281 sex
1573 4247 1606 4288 ς
1772 4235 1835 4282 17
1877 4233 2131 4283 sextante
2173 4235 2220 4283 Τ
2256 4237 2306 4284 et
2341 4233 2405 4284 iu
2440 4248 2611 4299 τηαν-9.
2646 4232 2706 4294 V,
2754 4246 2874 4282 sex-

575 4312 692 4360 tam
726 4310 944 4376 MGX‘‚
985 4314 1142 4364 sexta
1166 4311 1429 4365 Ouiacius
1449 4311 1536 4378 (cf.
1562 4312 1794 4378 T1·b.23)
1934 4316 1997 4362 18
2027 4327 2166 4378 quos
2198 4312 2276 4380 et]
2308 4327 2419 4378 quo
2453 4310 2504 4363 G
2641 4316 2705 4361 22
2736 4325 2873 4376 qua-

574 4389 883 4453 drigenties
928 4391 1052 4444 ΜΘ
1067 4393 1168 4446 VR
1207 4393 1361 4460 (recte
1396 4393 1448 4460 9)
1622 4390 1926 4443 tribulibus
1967 4392 2196 4459 Lipsius
2366 4390 2640 4456 quinques
2674 4389 2797 4442 MG
2815 4391 2872 4451 V,

575 4472 729 4535 (recte
766 4473 847 4539 9),
906 4472 1154 4539 quinque
1192 4476 1250 4523 X
1404 4477 1469 4523 26
1508 4471 1772 4539 perduxit
1814 4472 1889 4535 G,
1944 4471 2318 4540 produxitque
2359 4473 2416 4523 Π
2423 4487 2455 4528 ς
2502 4476 2551 4523 et
2596 4470 2705 4534 fere
2752 4468 2870 4521 edd.

574 4554 638 4601 27
682 4549 853 4603 uicies
892 4551 1213 4604 sestertium
1244 4553 1568 4605 Perizonius
1714 4555 1781 4602 28
1819 4551 1946 4618 plus
1984 4569 2083 4605 om.
2119 4552 2170 4605 G
