3325 5209
588 404 674 467 90
724 456 737 460 ,
1290 400 1345 454 C.
1387 399 1702 453 SVETONI
1738 396 2184 462 TRANQVILLI

586 565 925 649 disciplina
972 565 1200 629 domus
1237 562 1524 628 Fortuna
1571 563 1878 627 destituit.
1962 559 2210 643 Iuliam,
2256 560 2460 623 filiam
2498 564 2561 623 et
2606 563 2883 642 neptem,

586 672 886 736 omnibus
942 663 1714 754 probrisscontaminatas
1768 668 2107 753 relegauit3
2174 665 2241 730 C.
2290 671 2354 730 et
2399 666 2468 730 L.
2525 667 2595 730 in
2650 666 2882 729 duode-

585 780 822 864 uiginti
878 778 1186 843 mensium
1250 778 1457 860 spatio
1516 777 1731 840 amisit
1789 775 2037 857 ambos,
2095 773 2252 838 Graio
2299 775 2369 837 in
2413 772 2635 855 Lycia,
2680 772 2880 836 Lucio

583 885 908 949 Massiliae
947 885 1283 948 defunctis.
1356 884 1615 947 tertium
1656 886 1957 965 nepotem
1997 880 2353 965 Agrippam
2399 879 2718 962 simulque
2755 879 2880 963 pri-

584 991 854 1077 uignum
902 991 1230 1054 Tiberium
1287 991 1621 1073 adoptauit
1677 991 1745 1052 in
1798 990 1940 1052 foro
1997 989 2141 1073 lege
2196 988 2466 1070 curiata3
2524 1009 2602 1050 ex
2649 986 2881 1069 quibus
2940 1010 2963 1050 5

578 1096 947 1182 'Agrippam
1008 1098 1191 1162 breui
1255 1098 1336 1161 ob
1400 1098 1729 1181 ingenium
1796 1095 2123 1159 sordidum
2189 1116 2263 1158 ac
2326 1094 2507 1157 ferox
2563 1093 2884 1156 abdicauit

587 1206 1003 1288 seposuitque
1051 1203 1444 1269 Surrentum.

764 1310 1119 1394 Aliquanto
1168 1315 1383 1374 autem
1432 1310 1784 1393 patientius
1831 1313 2106 1372 mortem
2155 1331 2347 1390 quam
2387 1307 2693 1372 dedecora
2742 1303 2881 1371 suo-

585 1440 726 1481 rum
781 1419 950 1481 tulit.
1042 1440 1192 1481 nam
1249 1416 1314 1480 C.
1361 1417 1646 1499 Lucique
1704 1438 1855 1480 casu
1910 1438 2040 1479 non
2097 1415 2252 1479 adeo
2309 1415 2570 1496 fractUS,
2626 1414 2702 1477 de
2749 1413 2903 1476 filia·

585 1523 814 1587 absens
863 1546 934 1588 ac
981 1524 1202 1588 libello
1249 1547 1365 1608 per
1412 1527 1816 1607 quaestorem
1862 1523 2129 1586 recitato
2168 1526 2394 1585 notum
2434 1522 2682 1584 senatui
2727 1521 2882 1583 fecit
2911 1544 2962 1582 10

585 1629 1021 1714 abstinuitque
1083 1653 1428 1716 congressu
1483 1631 1820 1694 hominum
1878 1630 1986 1692 diu
2042 1651 2195 1712 prae
2241 1627 2509 1712 pudore,
2565 1627 2757 1691 etiam
2805 1627 2882 1692 de

583 1738 867 1801 necanda
914 1737 1309 1802 deliberauit.
1386 1742 1554 1802 certe
1603 1759 1750 1801 cum
1798 1736 1915 1801 sub
1956 1737 2124 1799 idem
2164 1741 2415 1817 tempus
2453 1757 2581 1797 una
2617 1757 2697 1797 ex
2736 1755 2879 1797 con·

586 1843 734 1907 sciis
771 1843 1004 1908 liberta
1040 1844 1298 1909 Phoebe
1337 1845 1681 1927 suspendio
1722 1845 1924 1907 uitam
1962 1844 2229 1924 finisset,
2266 1842 2630 1905 maluisse
2670 1863 2744 1903 se
2791 1842 2882 1904 ait

584 1949 927 2015 Phoebes
982 1957 1273 2035 patrem
1329 1952 1591 2014 fuisse.
1686 1950 2003 2035 relegatae
2063 1972 2250 2012 usum
2307 1949 2444 2011 uini
2501 1970 2882 2029 omnemque

586 2058 1020 2122 delicatiorem
1062 2058 1305 2123 cultum
1344 2058 1583 2121 ademit
1619 2079 1826 2138 neque
1867 2056 2027 2119 adiri
2068 2079 2104 2118 a
2141 2077 2466 2137 quoquam
2513 2055 2716 2118 libero
2757 2078 2879 2117 ser·
2912 2076 2960 2116 1⁵

584 2165 859 2249 uo[q]ue
904 2166 1031 2229 nisi
1079 2188 1145 2229 se
1193 2165 1488 2229 consulto
1536 2165 1846 2247 permisit,
1895 2167 1957 2225 et
2003 2163 2094 2226 ita
2131 2165 2203 2225 ut
2243 2161 2474 2224 certior
2509 2162 2708 2243 fieret,
2755 2184 2881 2243 qua

584 2273 639 2335 is
687 2275 910 2353 aetate,
958 2294 1084 2355 qua
1130 2275 1390 2352 statura,
1439 2292 1564 2354 quo
1605 2272 1818 2334 colore
1856 2271 2041 2350 esset,
2088 2269 2281 2332 etiam
2320 2267 2552 2350 quibus
2592 2267 2878 2350 corporis

584 2380 756 2442 notis
812 2381 917 2442 uel
973 2378 1388 2443 cicatricibus.
1473 2381 1621 2460 post
1670 2376 2176 2459 quinquennium
2234 2376 2489 2437 demum
2546 2397 2624 2438 ex
2670 2375 2880 2438 insula

586 2488 654 2548 in
717 2486 1149 2549 continentem
1213 2485 1693 2566 lenioribusque
1753 2482 1947 2567 paulo
2008 2471 2491 2545 condicionibus
2551 2482 2879 2544 transtulit

586 2613 742 2654 eam.
827 2613 976 2653 nam
1033 2594 1107 2654 ut
1152 2592 1414 2654 omnino
1471 2595 1830 2673 reuocaret,
1884 2590 2136 2653 exorari
2180 2588 2361 2653 nullo
2409 2589 2598 2651 modo
2646 2589 2879 2672 potuit,
2907 2610 2960 2648 20

587 2698 952 2781 deprecanti
999 2720 1186 2780 saepe
1231 2721 1291 2781 p.
1330 2698 1404 2761 R.
1446 2702 1510 2762 et
1546 2697 1935 2781 pertinacius
1981 2696 2247 2760 instanti
2293 2697 2453 2758 tales
2492 2695 2656 2758 filias
2694 2695 2880 2759 tales-

586 2826 710 2887 que
768 2806 1071 2890 coniuges
1127 2826 1244 2889 pro
1304 2805 1603 2869 contione
1660 2807 2041 2887 inprecatus,
2136 2824 2213 2865 ex
2268 2807 2458 2886 nepte
2513 2801 2678 2866 Iulia
2731 2806 2880 2885 post

588 2912 1064 2975 damnationem
1111 2912 1355 2976 editum
1403 2911 1714 2975 infantem
1763 2910 2068 2994 adgnosci
2107 2910 2319 2993 alique
2357 2911 2579 2972 uetuit.
2647 2907 2878 2994 Agrip-

585 3040 735 3101 pam
781 3018 987 3083 nihilo
1034 3019 1555 3098 tractabiliorem,
1602 3019 1800 3081 immo
1849 3017 1919 3080 in
1967 3017 2099 3081 dies
2139 3016 2557 3080 amentiorem
2595 3016 2665 3079 in
2710 3016 2881 3078 insu-

585 3124 714 3188 lam
763 3127 1228 3210 transportauit
1274 3125 1636 3209 saepsitque
1687 3126 1947 3207 insuper
1994 3123 2285 3187 custodia
2331 3123 2627 3186 militum.
2707 3123 2879 3185 cauit
2908 3142 2959 3181 25

587 3233 779 3295 etiam
831 3255 877 3296 s.
926 3254 975 3296 c.
1023 3237 1096 3296 ut
1151 3233 1375 3296 eodem
1430 3233 1556 3296 loci
1613 3233 1682 3295 in
1737 3235 2120 3315 perpetuum
2170 3231 2618 3294 contineretur.
2687 3233 2877 3311 atque

680 3524 685 3528 ·
730 3502 761 3549 8
800 3497 1077 3551 Einhard.
1109 3503 1179 3551 19
1217 3500 1424 3550 mortes
1462 3495 1706 3548 filiorum
1745 3512 1810 3548 ac
1848 3493 1999 3547 filiae
2032 3538 2073 3548 ..
2103 3536 2114 3547 .
2144 3493 2327 3545 minus
2365 3493 2651 3562 patienter
2687 3492 2837 3545 tulit.

734 3735 759 3781 1
800 3728 998 3782 iuliam
1032 3728 1126 3783 M²
1249 3735 1279 3780 3
1318 3746 1611 3782 mensuum
1652 3729 1727 3780 M
1736 3726 1823 3780 Ge
1862 3728 1944 3794 (in
1974 3730 2049 3781 M
2079 3727 2323 3793 sequitur
2361 3724 2586 3793 spatifi),
2625 3740 2878 3776 mensum

587 3809 733 3863 Roth
770 3810 859 3876 (cf.
899 3810 974 3862 ad
1004 3811 1147 3878 Auy.
1178 3813 1251 3862 40
1279 3827 1338 3877 p.
1372 3813 1459 3872 75,
1480 3810 1534 3874 6)
1658 3812 1689 3858 6
1730 3806 1999 3859 stolidum
2022 3807 2252 3862 Casaub.
2380 3811 2410 3858 8
2448 3807 2656 3857 mortes
2682 3804 2876 3857 Modd.

587 3891 674 3955 (cf.
700 3890 998 3952 Ec'nhard.)
1178 3894 1210 3941 9
1251 3889 1320 3941 de
1358 3888 1477 3940 filia
1506 3886 1817 3954 HRP2ST‚
1857 3887 1974 3940 filia
2007 3887 2131 3940 MG
2145 3885 2368 3950 VL1P1,
2403 3884 2555 3937 filiae
2598 3885 2669 3953 Q,
2708 3887 2771 3937 ut
2810 3885 2877 3936 de

585 3969 703 4021 filia
726 3969 805 4022 L⁸
954 3976 1015 4022 11
1059 3969 1391 4036 deneganda
1424 3968 1549 4021 ΜΘ
1698 3973 1761 4020 13
1801 3967 1964 4020 foede
2004 3967 2152 4037 (fede
2185 3969 2236 4020 G
2274 3967 2366 4034 al.)
2407 3967 2484 4030 Ω,
2532 3982 2667 4019 corr.
2707 3966 2794 4017 hic
2832 3970 2878 4017 et

587 4051 618 4102 l.
645 4054 711 4101 14
743 4051 1111 4118 Pulmannus,
1135 4049 1403 4115 Gifanius
1512 4064 1569 4100 se
1599 4064 1700 4101 om.
1730 4048 1780 4098 V
1886 4054 1951 4100 14
1981 4047 2171 4100 foedes
2202 4047 2302 4117 (fe-
2330 4049 2389 4111 Y,
2427 4045 2506 4098 fe-
2529 4047 2605 4112 P)
2630 4048 2705 4099 M
2713 4047 2878 4108 VPT,

584 4128 711 4198 fede
742 4131 829 4183 uel
858 4130 986 4200 fede
1014 4131 1106 4183 rel.
1209 4145 1403 4197 parem
1428 4128 1477 4181 G
1582 4133 1645 4179 15
1678 4126 1946 4195 quopiam
1968 4145 2106 4194 pars
2134 4128 2250 4180 edd.
2274 4133 2401 4195 post
2422 4126 2806 4180 Casaubonum

587 4223 819 4260 seruoue
857 4210 1005 4277 παῖς).
1048 4215 1175 4275 post
1211 4208 1328 4260 edd.
1364 4207 1603 4275 Gryphii
1637 4225 1773 4262 saec.
1807 4208 1983 4273 XVI,
2034 4209 2097 4260 in
2132 4225 2302 4276 moa-9.
2334 4222 2440 4274 pro
2478 4223 2532 4259 u.
2574 4207 2607 4259 l.
2645 4207 2759 4259 iam
2797 4204 2876 4258 ed.

586 4287 767 4339 Basil.
791 4291 934 4338 1518
1048 4294 1110 4339 16
1142 4287 1276 4353 quia
1303 4287 1351 4338 is
1386 4290 1458 4341 M
1464 4287 1496 4354 ¹,
1536 4288 1700 4354 quasi
1733 4287 1783 4340 G
1893 4293 1956 4340 21
1991 4288 2322 4355 deprecatus
2353 4304 2386 4339 a
2416 4303 2518 4353 epe
2551 4288 2604 4339 V
2697 4291 2762 4338 22
2793 4285 2878 4337 in-

586 4368 806 4418 creatus
840 4366 901 4434 Q,
938 4370 1199 4434 precatus
1225 4367 1275 4420 G
1412 4373 1477 4419 23
1519 4367 1750 4435 agnosci
1789 4369 1985 4435 (aggn-
2015 4367 2083 4434 S>
2113 4367 2216 4421 ΡΒ
2228 4369 2277 4420 Τ
2314 4368 2395 4434 (in
2426 4368 2480 4419 P
2511 4383 2715 4419 rasura
2752 4371 2878 4418 ante

587 4447 659 4514 a),
697 4446 1035 4514 adcognosci
1066 4450 1209 4516 (acc-
1229 4450 1312 4515 H)
1345 4450 1420 4501 M
1428 4448 1637 4515 VLHQ
1666 4448 1748 4515 <in
1771 4449 1824 4500 L
1852 4463 1986 4500 corr.
2019 4464 2085 4498 ex
2114 4446 2440 4514 adcogniti)‚
2480 4445 2744 4514 cognosci
2769 4446 2878 4500 GR

586 4528 673 4595 (cf.
701 4527 892 4580 Claud.
916 4529 1006 4593 12)
1145 4533 1212 4579 24
1250 4526 1463 4579 insulas
1506 4527 1557 4579 G
1704 4532 1770 4579 25
1809 4527 2060 4597 insuper]
2101 4528 2158 4579 in
2201 4529 2251 4579 V
