3325 5209
647 407 735 469 44
1352 404 1408 458 O.
1451 404 1765 459 SVETONI
1801 403 2246 468 TRANQVILLI

649 570 843 651 atque
890 568 983 631 ita
1030 568 1240 631 tribus
1287 571 1352 631 et
1399 567 1637 655 uiginti
1683 567 1894 654 plagis
1943 566 2276 631 confossus
2323 569 2421 630 est
2465 588 2594 629 uno
2632 566 2822 629 modo
2870 566 2960 629 ad

646 675 926 758 primum
974 673 1175 739 ictum
1221 674 1470 762 gemitu
1525 676 1663 738 sine
1719 695 1878 739 uoce
1934 674 2123 756 edito,
2178 672 2299 737 etsi
2354 672 2756 736 tradiderunt
2813 671 2955 756 qui-

581 798 611 845 3
651 780 796 845 dam
841 779 1060 844 Marco
1109 781 1314 846 Bruto
1369 781 1645 845 irruenti
1704 781 1965 845 dixisse:
2021 782 2131 845 καὶ
2188 783 2270 844 σὺ
2318 778 2579 860 τε’κνον;
2636 779 2958 846 exanimis

649 887 1138 973 diffugientibus
1195 889 1442 953 cunctis
1504 887 1901 971 aliquamdiu
1966 887 2195 971 iacuit,
2257 885 2461 950 donec
2513 885 2778 951 lecticae
2832 886 2957 949 im-

647 994 949 1079 positum,
997 994 1390 1079 dependente
1437 994 1722 1078 brachie,
1768 998 1900 1058 tres
1946 994 2183 1058 seruoli
2231 993 2494 1057 domum
2540 992 2953 1056 rettulerunt.
3017 1019 3045 1056 5

648 1122 767 1164 nec
805 1101 874 1164 in
910 1105 1011 1165 tot
1047 1103 1443 1186 uulneribus,
1490 1104 1562 1165 ut
1601 1100 1926 1165 Antistius
1963 1101 2249 1166 medicus
2289 1100 2718 1182 existimabat,
2754 1098 2952 1163 letale

647 1207 852 1271 ullum
907 1213 1233 1291 repertum
1290 1213 1411 1292 est,
1465 1208 1594 1272 nisi
1649 1207 1823 1291 quod
1879 1207 2154 1272 secundo
2209 1207 2352 1271 1000
2411 1207 2479 1270 111
2531 1210 2791 1291 pectore
2845 1227 2950 1270 ac-

646 1318 919 1398 ceperat.

574 1435 607 1479 4
831 1421 1072 1485 Fuerat
1128 1421 1381 1485 animus
1428 1421 1780 1485 coniuratis
1837 1442 2068 1505 corpus
2124 1421 2318 1485 occisi
2374 1421 2443 1484 in
2487 1419 2773 1485 Tiberim
2817 1424 2947 1483 tra-

644 1528 823 1607 here,
879 1528 1050 1591 bona
1104 1526 1462 1610 publicare,
1520 1529 1663 1590 acta
1719 1527 2104 1611 rescindere,
2160 1526 2272 1589 sed
2326 1528 2502 1589 metu
2556 1525 2758 1590 Marci
2813 1524 2945 1589 An-
2980 1553 3040 1591 10

542 1627 632 1692 83
652 1635 791 1697 toni
840 1620 1120 1698 consulis
1168 1639 1232 1698 et
1276 1633 1574 1718 magistri
1621 1634 1912 1716 equitum
1959 1632 2188 1717 Lepidi
2233 1633 2639 1698 destiterunt.
2728 1638 2946 1718 postu-

644 1739 822 1802 lante
883 1761 1035 1826 ergo
1095 1740 1297 1812 Lucio
1357 1739 1592 1803 Pisone
1653 1761 1870 1804 socero
1942 1744 2399 1804 testamentum
2460 1740 2597 1803 eius
2658 1739 2946 1823 aperitur

645 1845 1081 1929 recitaturque
1154 1847 1224 1911 in
1290 1845 1538 1911 Antoni
1613 1846 1838 1930 domo,
1914 1847 2087 1929 quod
2156 1844 2381 1910 Idibus
2457 1845 2946 1930 Septembribus

647 1953 957 2035 proximis
1018 1954 1085 2017 111
1144 1953 1467 2017 Lauicano
1529 1975 1645 2017 suo
1715 1953 1954 2017 fecerat
2018 1953 2639 2036 demandaueratque
2702 1951 2945 2039 uirgini

645 2058 897 2123 Vestali
960 2060 1295 2124 maximae.
1397 2059 1677 2136 Quintus
1742 2059 1998 2124 Tubero
2072 2060 2270 2123 tradit
2338 2059 2637 2124 heredem
2711 2059 2792 2123 ab
2867 2080 2943 2122 eo
2976 2084 3033 2124 15

645 2165 835 2230 scribi
895 2166 1158 2231 solitum
1216 2189 1294 2230 ex
1360 2168 1699 2230 consulatu
1757 2167 1961 2250 ipsius
2026 2167 2237 2250 primo
2295 2189 2497 2251 usque
2552 2167 2633 2229 ad
2685 2165 2945 2230 initium

645 2272 855 2337 ciuilis
920 2273 1074 2337 belli
1144 2271 1254 2337 Cn.
1309 2273 1719 2357 Pompeium,
1792 2272 1985 2356 idque
2059 2274 2378 2338 militibus
2451 2295 2570 2356 pro
2646 2272 2943 2336 contione

575 2392 605 2437 2
643 2380 1007 2444 recitatum.
1101 2380 1212 2444 sed
1272 2381 1629 2445 nouissimo
1688 2383 2074 2444 testamento
2139 2384 2271 2444 tres
2333 2381 2617 2445 instituit
2679 2378 2943 2443 heredes

645 2508 942 2550 sororum
995 2491 1265 2570 nepotes
1275 2538 1293 2571 ,
1351 2486 1582 2551 Gaium
1642 2485 1986 2551 Octauium
2042 2509 2121 2550 ex
2181 2487 2515 2570 dodrante,
2562 2490 2626 2549 et
2672 2484 2942 2548 Lucium

643 2590 978 2654 Pinarium
1026 2595 1090 2655 et
1128 2591 1440 2667 Quintum
1477 2591 1746 2656 Pedium
1785 2614 1863 2657 ex
1900 2592 2253 2676 quadrante
2291 2593 2661 2677 reliquo[s];
2709 2592 2777 2656 in
2813 2592 2945 2655 ima
2975 2618 3030 2656 20

646 2717 789 2760 cera
830 2695 1062 2761 Gaium
1100 2696 1443 2762 Octauium
1493 2700 1687 2763 etiam
1727 2700 1796 2763 in
1829 2699 2146 2764 familiam
2182 2722 2544 2784 nomenque
2582 2699 2943 2784 adoptauit3

642 2804 982 2886 plerosque
1039 2825 1489 2887 percussorum
1546 2805 1616 2869 in
1671 2805 2003 2869 tutoribus
2050 2806 2172 2890 fili,
2230 2807 2282 2869 si
2330 2806 2442 2890 qui
2488 2806 2612 2870 sibi
2656 2817 2943 2870 nascere⁶

646 2913 769 2992 tur,
805 2910 1186 2995 nominauit,
1224 2911 1561 2975 Decimum
1590 2912 1868 2976 Brutum
1907 2913 2101 2976 etiam
2149 2912 2216 2975 111
2255 2913 2546 2977 secundis
2583 2912 2943 2976 heredibus,

643 3015 885 3099 populo
960 3016 1186 3083 hortos
1261 3020 1429 3082 circa
1503 3019 1788 3083 Tiberim
1865 3020 2123 3103 publice
2198 3025 2261 3083 et
2343 3020 2590 3084 uiritim
2653 3024 2943 3084 trecenos

645 3124 973 3187 sestertios
1019 3124 1281 3211 legauit.
2730 3190 2744 3194 -
2972 3149 3025 3190 2⁵

539 3223 631 3289 84
821 3229 1072 3294 Funere
1109 3230 1349 3295 indicto
1389 3255 1588 3320 rogus
1625 3236 1958 3297 extructus
1997 3238 2092 3297 est
2128 3234 2195 3297 in
2223 3234 2459 3298 Martio
2500 3257 2724 3318 campo
2762 3234 2944 3300 iuxta

642 3335 843 3400 Iuliae
899 3338 1223 3402 tumulum
1281 3343 1345 3403 et
1400 3361 1519 3423 pro
1576 3340 1809 3403 rostris
1865 3345 2088 3404 aurata
2153 3340 2337 3404 aedes
2393 3342 2473 3406 ad
2529 3341 2942 3405 simulacrum

642 3445 866 3527 templi
914 3444 1183 3508 Veneris
1234 3444 1593 3510 Genetricis
1645 3446 1984 3532 collocata3
2031 3446 2328 3530 intraque
2373 3448 2575 3512 lectus
2623 3447 2942 3512 eburneus

643 3573 799 3614 auro
849 3574 920 3614 ac
966 3574 1263 3635 purpura·
1298 3557 1538 3616 stratus
1586 3557 1650 3617 et
1698 3552 1778 3616 ad
1825 3559 2017 3637 caput
2064 3558 2400 3638 tropaeum
2447 3577 2591 3618 cum
2630 3557 2827 3631 ueste,
2874 3553 2943 3617 in

644 3680 768 3739 qua
815 3657 1024 3721 fuerat
1082 3659 1345 3722 00013113.
1437 3660 1948 3742 praeferentibus
1998 3682 2289 3743 munera,
2350 3661 2501 3744 quia
2556 3662 2939 3724 suffecturus
2970 3683 3027 3722 30

786 3855 813 3901 1
855 3852 1089 3918 Eutrop.
1134 3853 1221 3905 VI
1249 3857 1322 3905 25
1380 3869 1506 3904 cum
1554 3855 1780 3908 senatus
1829 3853 1920 3905 die
1975 3853 2123 3905 inter
2175 3855 2386 3906 ceteros
2432 3853 2681 3907 uenisset
2727 3853 2801 3906 ad
2847 3870 2941 3906 cu-

642 3929 800 3994 riam,
840 3930 1020 3982 tribus
1061 3934 1117 3984 et
1154 3931 1366 4000 uiginti
1405 3931 1732 3984 uulneribus
1765 3932 2052 3984 confossus
2083 3936 2182 3986 est.
2233 3934 2301 3999 ef.
2330 3934 2478 3987 Oros.
2514 3935 2600 3988 VI
2622 3938 2773 3999 17,1.
2822 3934 2937 3987 Vir.

641 4010 719 4061 ill.
753 4015 841 4075 78,
875 4017 943 4063 10
1102 4016 1306 4063 18-21
1349 4030 1402 4064 u.
1445 4013 1518 4064 ad
1552 4014 1697 4081 Auy.
1731 4017 1764 4065 7
1795 4031 1851 4080 p.
1886 4017 1974 4078 52,
2001 4019 2030 4065 1

786 4210 814 4254 2
864 4207 920 4256 et
969 4206 1047 4258 sic
1087 4207 1276 4275 LSQ,
1339 4210 1396 4259 et
1444 4207 1524 4259 310
1556 4210 1638 4274 Π,
1695 4208 1787 4260 uel
1835 4211 1892 4261 et
1939 4209 2085 4261 sicut
2137 4208 2495 4262 tradiderunt
2534 4208 2630 4263 Μ2
2667 4211 2730 4262 in
2766 4228 2937 4279 mary.

642 4289 672 4334 6
721 4283 969 4336 medicus
1018 4302 1116 4339 om.
1153 4288 1203 4340 G
1377 4292 1440 4339 11
1484 4287 1645 4360 <Μ>
1677 4288 1876 4357 Lepidi
1917 4290 2092 4343 Pozak
2257 4295 2338 4342 15⁴
2360 4289 2603 4342 maximo
2642 4289 2939 4357 aequintus

640 4364 923 4430 (equintus
956 4369 1007 4430 ὃ)
1040 4369 1112 4419 M
1122 4368 1210 4420 Va
1249 4370 1334 4435 (ae
1374 4369 1676 4422 emendatio
1716 4371 1925 4423 litterae
1954 4370 2360 4439 vraccedente's),
2397 4370 2641 4423 Maxime
2677 4374 2742 4423 ut
2779 4370 2941 4437 quin-

640 4447 730 4496 tus
767 4445 843 4508 G,
892 4444 1135 4498 Maxime
1174 4447 1403 4513 quintus
1442 4451 1488 4500 Τ
1596 4455 1677 4501 -19
1717 4449 1932 4517 Nepost
1963 4452 2058 4516 M,
2095 4466 2220 4517 neq.
2251 4452 2457 4518 nepote
2495 4452 2624 4518 post
2664 4451 2723 4514 V,
2770 4466 2938 4519 nepo-

639 4525 752 4576 tem
775 4526 809 4575 ὃ
940 4527 995 4576 et
1025 4526 1123 4578 del.
1154 4528 1303 4580 Torr.
1435 4533 1501 4579 20
1530 4528 1746 4595 reliquo
1770 4531 1818 4582 T
1826 4532 2097 4598 (Lipsius)
2236 4537 2302 4583 22
2343 4530 2441 4597 qui
2463 4532 2629 4584 MGa
2643 4572 2661 4596 ,
2690 4532 2816 4600 quis
2845 4534 2937 4585 rel.
