3325 5209
1056 407 1276 464 DIVVS
1313 406 1696 464 AVGVSTVS
1735 419 1866 468 [ou.
1894 419 2072 469 43-45]
2629 405 2712 469 79

416 571 867 654 ordinauitque
923 574 1138 635 motus
1193 571 1429 636 iniuria
1484 572 1827 654 senatoriS‚
1883 593 2075 654 quem
2123 569 2411 635 Puteolis
2458 591 2574 654 per
2620 590 2714 634 ce-

416 678 790 746 leberrimos
847 678 1036 741 ludos
1099 699 1401 741 consessu
1459 678 1786 761 frequenti
1853 700 2045 742 nemo
2085 680 2450 762 receperat.
2539 676 2713 741 facto

417 786 617 871 igitur
672 785 925 850 decreto
981 788 1239 870 patrum
1297 788 1396 867 ut,
1457 786 1756 867 quotiens
1817 784 1973 867 quid
2033 783 2384 869 spectaculi
2442 805 2715 867 usquam

415 892 672 977 publice
728 892 1044 975 ederetur,
1109 891 1353 974 primus
1393 890 1869 956 'subselliorum
1930 892 2087 957 ordo
2147 894 2405 955 uacaret
2466 893 2715 955 senato·

364 1024 389 1065 5
415 1000 614 1083 ribus,
659 998 904 1064 Romae
957 997 1207 1083 legatos
1262 997 1610 1062 liberarum
1664 999 2112 1082 sociarumque
2168 996 2457 1084 gentium
2505 997 2715 1062 uetuit

417 1108 484 1172 in
542 1106 868 1171 orchestra
931 1105 1172 1190 sedere,
1238 1127 1384 1170 cum
1451 1106 1761 1189 quosdam
1836 1107 2032 1173 etiam
2105 1104 2393 1169 libertini
2464 1102 2713 1189 generis

415 1213 590 1278 mitti
653 1212 1109 1299 deprendisset.
1211 1213 1484 1277 militem
1555 1213 1829 1277 secreuit
1903 1236 1941 1276 a
2003 1214 2263 1297 popu10.
2364 1210 2615 1276 maritis
2679 1232 2714 1274 e
2751 1224 2783 1275 2

416 1320 604 1404 plebe
650 1320 955 1404 proprios
997 1319 1251 1384 ordines
1299 1319 1673 1405 assignauit,
1718 1321 2141 1404 praetextatis
2187 1340 2459 1383 cuneum
2506 1339 2713 1401 suum,

417 1430 481 1491 et
524 1425 894 1511 proximum
941 1427 1361 1511 paedagogis,
1416 1427 1756 1510 sanxitque
1809 1449 1893 1492 ne
1949 1426 2095 1510 quis
2144 1425 2540 1509 pullatorum
2586 1446 2714 1490 me-

338 1558 391 1600 ιο
417 1533 522 1598 dia
568 1554 762 1597 cauea
807 1533 1069 1598 sederet.
1150 1533 1407 1598 feminis
1453 1555 1534 1596 ne
1589 1533 1979 1618 gladiatores
2028 1532 2314 1616 quidem,
2361 1553 2525 1614 quos
2570 1551 2716 1615 pro-

417 1640 658 1704 miscue
724 1640 998 1723 spectari
1063 1638 1373 1704 sollemne
1438 1637 1592 1702 olim
1652 1642 1815 1722 erat,
1876 1637 2002 1702 nisi
2064 1660 2144 1703 ex
2198 1636 2524 1722 superiore
2566 1635 2713 1700 loco

418 1750 705 1831 spectare
755 1746 1085 1813 concessit.
1162 1745 1316 1811 solis
1363 1745 1726 1832 uirginibus
1755 1745 2127 1810 Vestalibus
2173 1744 2390 1810 locum
2436 1742 2504 1808 in
2539 1743 2712 1807 thea-
2752 1758 2785 1807 3

416 1858 518 1919 tro
567 1854 910 1937 separatim
959 1855 1023 1917 et
1081 1856 1304 1916 contra
1357 1853 1671 1936 praetoris
1718 1853 2004 1918 tribunal
2051 1851 2239 1916 dedit.
2325 1850 2713 1916 athletarum

416 1984 568 2026 uero
636 1961 1003 2045 spectaculo
1079 1959 1392 2023 muliebre
1465 1980 1646 2025 secus
1724 1980 1912 2022 omne
1979 1959 2133 2023 adeo
2200 1959 2578 2040 summouit,
2641 1960 2716 2020 ut

339 2091 390 2131 ιε
416 2067 896 2152 pontificalibus
942 2066 1114 2130 ludis
1167 2065 1464 2151 pugilum
1521 2088 1640 2150 par
1694 2067 2094 2150 postulatum
2142 2065 2463 2129 distulerit
2507 2065 2578 2128 in
2621 2063 2715 2127 in-

417 2176 741 2258 sequentis
780 2172 907 2237 diei
944 2173 1334 2237 matutinum
1371 2177 1628 2259 tempus
1671 2173 2094 2255 edixeritque:
2140 2172 2502 2236 mulieres
2541 2175 2714 2235 ante

415 2282 681 2347 horam
765 2280 1107 2364 quintam
1183 2280 1447 2344 uenire
1537 2280 1614 2346 in
1697 2279 2085 2343 theatrum
2165 2300 2316 2342 non
2388 2278 2711 2362 placere.

415 2389 555 2472 ipse
630 2389 942 2453 circenses
1017 2409 1096 2450 ex
1171 2387 1523 2450 amicorum
1606 2386 1741 2450 fere
1814 2385 2320 2468 libertorumque
2393 2384 2712 2450 cenaculis
2723 2380 2816 2447 45

418 2495 778 2579 spectabat,
831 2494 1154 2560 interdum
1211 2517 1291 2558 ex
1338 2493 1667 2577 puluinari
1715 2498 1778 2557 et
1827 2493 2083 2576 quidem
2132 2514 2277 2556 cum
2324 2492 2594 2577 coniuge
2643 2512 2715 2556 ac

337 2623 390 2664 20
416 2603 636 2666 liberis
702 2602 943 2666 sedens
1036 2601 1403 2686 spectaculo
1459 2602 1769 2683 plurimas
1838 2601 2059 2684 horaS‚
2127 2598 2470 2682 aliquando
2540 2600 2714 2662 totos

417 2709 549 2773 dies
612 2709 859 2794 aberat,
923 2708 1126 2793 petita
1188 2710 1379 2772 uenia
1447 2708 2035 2789 commendatisque
2100 2707 2212 2789 qui
2269 2728 2449 2770 suam
2504 2705 2714 2769 uicem
2785 2713 2792 2718 '

413 2816 836 2900 praesidendo
881 2816 1322 2901 fungerentur.
1405 2837 1630 2879 uerum
1681 2815 1977 2898 quotiens
2015 2813 2282 2897 adesset,
2327 2813 2493 2876 nihil
2536 2834 2714 2897 prae-

415 2926 589 2986 terea
643 2922 899 3008 agebat,
957 2935 1067 2985 seu
1122 2922 1375 2986 uitandi
1420 2922 1697 2985 rumoris
1745 2943 1962 3005 causa,
2017 2942 2145 3004 quo
2192 2923 2441 3004 patrem
2492 2918 2715 2983 Caesa-

414 3052 550 3093 rem
596 3030 796 3114 uulgo
852 3028 1309 3113 reprehensum
1368 3028 1939 3110 commemorabat,
1996 3027 2168 3110 quod
2212 3027 2381 3090 inter
2427 3028 2715 3109 spectan-

337 3157 390 3198 25
418 3137 571 3200 dum
637 3135 929 3220 epistulis
994 3135 1360 3220 libellisque
1423 3135 1713 3220 legendis
1784 3138 1895 3198 aut
1956 3133 2375 3198 rescribendis
2442 3136 2715 3216 uacaret,

419 3266 529 3307 seu
576 3243 788 3307 studio
847 3243 1178 3327 spectandi
1234 3264 1308 3307 ac
1361 3243 1726 3325 uoluptate,
1784 3264 1910 3325 qua
1965 3241 2169 3305 teneri
2225 3262 2291 3304 se
2336 3261 2545 3322 neque
2591 3239 2713 3302 dis-

417 3349 749 3414 simulauit
807 3372 1114 3432 umquam
1177 3354 1242 3414 et
1302 3371 1491 3432 saepe
1558 3350 1836 3434 ingenue
1899 3346 2228 3432 professus
2294 3351 2405 3412 est.
2497 3346 2713 3429 itaque
2752 3359 2782 3405 2

419 3457 755 3521 corollaria
811 3460 885 3521 et‘
927 3457 1213 3540 praemia
1267 3457 1336 3544 in
1393 3456 1617 3521 alienis
1677 3476 1932 3539 quoque
1987 3454 2360 3519 muneribus
2418 3475 2490 3518 ac
2544 3452 2714 3516 ludis

560 3656 627 3704 26
666 3653 750 3782 cg.
777 3652 972 3706 Victor.
1016 3651 1163 3705 Caes.
1196 3654 1247 3716 1,
1276 3653 1310 3702 4
1360 3648 1635 3717 flagrante
1687 3648 1842 3701 haud
1893 3648 2114 3702 modice
2159 3646 2382 3700 luxuria
2427 3645 2715 3702 ludorum-

416 3748 525 3799 que
562 3748 694 3799 cup1
736 3746 843 3784 me.

559 3906 590 3953 2
632 3916 904 3953 consensu
944 3901 1020 3953 M
1028 3899 1129 3954 VR
1283 3903 1313 3950 6
1363 3897 1651 3951 considere
1690 3899 1831 3964 HR,
1888 3896 2190 3951 consistere
2233 3897 2278 3966 ρ
2442 3902 2471 3949 7
2519 3898 2716 3965 depre-

415 3980 705 4035 hendisset
740 3978 945 4037 X'HR
1090 3983 1121 4031 9
1159 3995 1230 4032 ne
1268 3977 1394 4046 quis
1432 3995 1533 4033 om.
1574 3978 1627 4030 V
1767 3983 1830 4030 11
1873 3976 2131 4030 sollemni
2171 3979 2246 4032 M
2386 3983 2451 4029 12
2492 3992 2714 4031 conces-

418 4061 493 4114 sit
520 4060 670 4114 solis.
700 4061 922 4130 distiny.
958 4060 1188 4115 Gasaub.
1221 4060 1293 4116 al.
1444 4064 1508 4112 13
1549 4059 1870 4126 separatum
1898 4058 1986 4116 Vg
2144 4063 2208 4109 14
2246 4056 2519 4113 muliebre
2557 4073 2715 4111 secus

417 4143 600 4210 (sexus
644 4140 709 4210 Q)
757 4156 920 4193 omne
960 4142 1036 4194 M
1046 4140 1115 4209 Q,
1165 4138 1440 4192 muliebre
1479 4143 1615 4193 sexu
1653 4145 1844 4192 somne
1885 4140 1945 4205 V,
1992 4137 2323 4192 muliebrem
2366 4155 2560 4192 sexum
2598 4155 2715 4190 om-

416 4238 544 4276 nem
579 4222 674 4276 rel.
867 4236 1056 4276 omnes
1095 4219 1229 4273 LF.
1247 4219 1482 4274 Gronov.
1675 4219 2029 4274 subsfimouit
2059 4220 2135 4272 M
2319 4223 2383 4271 15
2422 4218 2632 4288 partim
2665 4218 2717 4272 G

419 4306 485 4355 16
514 4300 753 4355 edixerit
773 4317 882 4368 quo
907 4302 982 4355 M
985 4303 1045 4365 Y,
1084 4299 1434 4367 edixeritque
1463 4315 1574 4366 quo
1600 4299 1668 4366 G,
1699 4299 1987 4366 edixitque
2015 4300 2066 4352 T
2169 4303 2232 4351 17
2255 4298 2514 4352 uenirent
2535 4299 2716 4354 MGY

419 4386 484 4434 19
523 4398 650 4434 cum
688 4398 787 4435 om.
813 4380 979 4449 MQ&
1126 4385 1192 4433 20
1232 4379 1555 4448 spectacula
1578 4381 1652 4433 M
1654 4379 1724 4448 Q,
1762 4380 1891 4432 inde
1929 4378 2099 4432 edens
2138 4378 2462 4447 spectacula
2482 4379 2715 4447 Bentley

407 4462 770 4530 probabiliter
878 4466 943 4513 21
977 4459 1174 4513 aberat
1203 4476 1235 4518 ς
1265 4459 1365 4528 (ed.
1379 4460 1757 4529 BasiL1533),
1788 4459 1986 4513 aderat
2005 4463 2074 4526 Ω,
2097 4461 2352 4515 lacunam
2373 4466 2501 4527 post
2519 4458 2717 4512 aderat

414 4543 611 4596 statuit
648 4542 842 4596 Modd.
990 4556 1091 4593 sua
1125 4539 1253 4592 uice
1291 4539 1459 4593 PST
1598 4545 1662 4591 22
1704 4539 1848 4591 nihil
1886 4557 1985 4593 om.
2028 4544 2103 4595 Μ
