3325 5209
584 406 715 469 252
1288 404 1343 459 C.
1386 404 1701 459 SVETONI
1737 402 2180 468 TRANQVILLI

585 569 919 633 iocabatur
963 567 1295 651 multaque
1342 568 1595 631 decreta
1641 571 1705 629 et
1752 567 2118 650 constituta,
2166 570 2239 630 ut
2287 566 2651 648 insipientis
2690 569 2882 648 atque

587 675 800 759 deliri,
868 697 986 759 pro
1057 675 1256 739 irritis
1327 674 1585 758 habuit3
1652 673 1926 756 denique
1990 673 2252 736 bustum
2325 672 2461 737 eius
2524 672 2882 756 consaepiri

584 782 709 845 nisi
757 780 988 844 humili
1034 781 1291 864 leuique
1337 780 1612 844 maceria
1656 780 1958 864 neglexit.

762 887 1203 951 Britannicum
1244 910 1374 951 non
1411 888 1625 951 minus
1656 888 2082 950 aemulatione
2110 886 2307 971 uocis,
2346 907 2508 969 quae
2538 886 2635 949 illi
2663 886 2883 949 iucun-

586 994 728 1058 dior
791 996 1201 1078 suppetebat,
1264 1017 1455 1077 quam
1515 997 1694 1058 metu
1747 1015 1827 1056 ne
1884 994 2265 1076 quandoque
2323 993 2491 1076 apud
2545 993 2880 1056 hominum

584 1102 857 1186 gratiam
916 1105 1182 1184 paterna
1237 1101 1550 1164 memoria
1604 1102 2029 1183 praeualeret,
2088 1121 2335 1164 ueneno
2383 1099 2724 1185 adgressus
2771 1105 2884 1164 est.

585 1208 758 1290 quod
806 1211 1137 1292 acceptum
1186 1231 1223 1270 a
1270 1207 1543 1290 quadam
1590 1207 1889 1290 Lucusta,
1938 1208 2426 1270 uenenariorum
2467 1206 2692 1290 indice,
2740 1228 2884 1270 cum

586 1314 890 1397 opinione
935 1315 1184 1378 tardius
1232 1314 1481 1378 cederet
1528 1319 1751 1378 uentre
1798 1314 1991 1377 modo
2038 1313 2395 1377 Britannici
2441 1317 2639 1396 mot0,
2684 1334 2886 1376 arces-

584 1422 773 1484 sitam
839 1421 1173 1484 mulierem
1246 1443 1360 1484 sua
1423 1442 1618 1484 manu
1684 1420 2050 1483 uerberauit
2115 1442 2386 1505 arguens
2452 1442 2569 1502 pro
2634 1441 2882 1483 ueneno

582 1528 936 1591 remedium
986 1527 1258 1612 dedisse3
1308 1528 1764 1610 excusantique
1811 1528 2024 1591 minus
2065 1527 2284 1590 datum
2323 1526 2403 1588 ad
2441 1526 2881 1590 occultandam

583 1634 887 1697 facinoris
958 1634 1296 1697 inuidiam:
1374 1656 1579 1717 sane,
1655 1634 1894 1717 inquit,
1969 1634 2214 1717 legem
2279 1632 2555 1697 Iuliam
2621 1633 2881 1712 time0‚

586 1740 923 1826 coegitque
975 1763 1040 1804 se
1088 1762 1300 1805 coram
1350 1743 1418 1804 in
1461 1740 1756 1806 cubiculo
1798 1763 1988 1823 quam
2027 1743 2246 1824 posset
2284 1739 2761 1803 uelocissimum
2809 1761 2883 1803 ac

516 1865 527 1877 ·
583 1850 1109 1930 praesentaneum
1160 1869 1447 1930 coquere.
1525 1848 1752 1911 deinde
1799 1848 1868 1910 in
1914 1847 2117 1910 haedo
2167 1852 2493 1932 expertus,
2540 1851 2882 1930 postquam

584 1955 639 2016 is
688 1954 971 2037 quinque
1017 1954 1210 2018 horas
1260 1954 1599 2038 protraxit,
1647 1955 1881 2017 iterum
1939 1975 2011 2017 ac
2067 1954 2320 2037 saepius
2367 1957 2688 2017 recoctum
2738 1975 2881 2037 por-

584 2060 746 2125 cello
796 2061 1057 2145 obiecit3
1105 2083 1232 2144 quo
1288 2062 1505 2124 statim
1556 2061 1921 2124 exanimato
1960 2061 2182 2124 inferri
2220 2061 2288 2123 in
2325 2060 2681 2124 triclinium
2719 2060 2881 2123 dari-

585 2189 709 2252 que
758 2169 1010 2231 cenanti
1061 2189 1275 2232 secum
1313 2167 1694 2231 Britannico
1745 2167 2101 2250 imperauit.
2176 2172 2240 2230 et
2287 2189 2431 2231 cum
2481 2166 2589 2231 ille
2636 2166 2713 2230 ad
2756 2169 2882 2250 pri-

583 2297 759 2338 mum
823 2279 1085 2360 gustum
1152 2275 1559 2359 concidisset,
1627 2274 1935 2338 comitiali
1996 2275 2222 2338 morbo
2284 2297 2363 2337 ex
2424 2274 2882 2338 consuetudine

590 2386 952 2465 correptum
1005 2382 1175 2464 apud
1224 2382 1529 2446 conuiuas
1577 2382 1922 2445 ementitus
1969 2386 2227 2464 postero
2285 2380 2387 2444 die
2431 2381 2668 2464 raptim
2714 2383 2884 2445 inter

586 2490 900 2551 maximos
932 2488 1167 2551 imbres
1206 2489 1525 2552 tralaticio
1558 2487 1791 2551 extulit
1819 2487 2057 2550 funere.
2132 2487 2452 2551 Lucustae
2490 2509 2608 2570 pro
2646 2492 2881 2551 nauata

588 2616 780 2678 opera
828 2596 1282 2678 impunitatem
1328 2596 1714 2677 praediaque
1763 2594 1993 2678 ampla,
2040 2595 2149 2657 sed
2197 2598 2261 2657 et
2300 2594 2648 2677 discipulos
2689 2593 2878 2657 dedit.

488 2692 581 2759 34
766 2700 1038 2775 Matrem
1085 2701 1257 2765 facta
1302 2702 1602 2784 dictaque
1648 2724 1763 2764 sua
1811 2702 2247 2784 exquirentem
2300 2701 2588 2764 acerbius
2637 2704 2701 2764 et
2747 2722 2879 2765 cor-

581 2808 902 2891 rigentem
962 2808 1271 2872 hactenus
1330 2808 1542 2892 primo
1603 2808 2025 2894 grauabatur,
2094 2812 2167 2871 ut
2227 2808 2472 2871 inuidia
2530 2807 2876 2870 identidem

585 2918 878 2977 oneraret
933 2915 1117 2997 quasi
1176 2936 1470 2980 cessurus
1528 2915 1799 2999 imperio
1857 2914 2288 2997 Rhodumque
2346 2915 2664 2995 abiturUS,
2729 2935 2879 2977 mox

585 3023 649 3082 et
694 3020 939 3085 honore
989 3023 1164 3085 omni
1222 3026 1287 3085 et
1331 3026 1652 3107 potestate
1700 3021 1986 3104 priuauit
2040 3021 2440 3104 abductaque
2486 3021 2766 3085 militum
2817 3023 2879 3082 et

585 3125 1049 3192 Germanorum
1099 3130 1374 3193 statione
1423 3129 1845 3193 contubernio
1894 3150 2150 3211 quoque
2196 3150 2269 3191 ac
2305 3127 2557 3193 Palatio
2605 3128 2877 3210 expulit3

581 3256 787 3317 neque
835 3237 902 3298 in
949 3235 1305 3300 diuexanda
1352 3237 1695 3319 quicquam
1743 3237 1926 3317 pensi
1972 3235 2220 3317 habuit,
2268 3235 2626 3298 summissis
2666 3235 2777 3318 qui
2815 3238 2879 3297 et

581 3339 825 3403 Romae
873 3346 1227 3405 morantem
1284 3342 1508 3405 litibus
1557 3346 1620 3405 et
1671 3344 1735 3405 in
1794 3363 2044 3406 secessu
2093 3343 2523 3425 quiescentem
2572 3365 2688 3426 per
2734 3364 2877 3405 con-

728 3512 893 3576 7sqq.
934 3508 1001 3572 cf.
1045 3510 1215 3562 Schol.
1256 3511 1383 3562 qu.
1417 3514 1466 3572 1,
1491 3512 1555 3560 71

728 3656 753 3700 1
797 3651 991 3720 atque]
1033 3651 1090 3702 et
1122 3650 1172 3703 G
1300 3656 1329 3701 2
1371 3649 1545 3702 deleri
1578 3652 1686 3704 Mo
1715 3652 1812 3717 (sic
1840 3650 2025 3704 Suet?
2062 3653 2131 3716 cf.
2174 3652 2325 3719 Vesp.
2350 3654 2400 3716 5,
2419 3653 2476 3718 2)
2589 3650 2876 3718 consepire

583 3730 815 3798 Bentley
997 3736 1028 3781 3
1066 3729 1310 3782 maceria
1352 3731 1647 3783 Gutherius
1686 3730 2040 3797 (Rez’nesius)‚
2087 3731 2327 3782 materia
2357 3733 2408 3782 ,Ω
2591 3736 2619 3782 7
2659 3729 2876 3782 locusta

587 3808 843 3875 QLP¹T
870 3811 1016 3876 (item
1048 3812 1079 3863 l.
1112 3813 1203 3877 19)
1329 3811 1654 3861 ueneiorum
1684 3809 1877 3862 inclite
1914 3811 1974 3875 T,
2012 3810 2440 3862 uenenariorum
2479 3812 2683 3877 (-a1·um
2717 3810 2877 3876 Oud.)

583 3886 797 3955 inclyta
837 3897 895 3954 ς’,
948 3906 1290 3942 uenenorum
1338 3892 1698 3956 (uenenorum
1748 3908 1771 3942 ε
1821 3897 1944 3943 teste
1985 3891 2444 3957 Preud’hommio)
2491 3889 2678 3941 indice
2711 3890 2875 3956 θυόε-

582 3975 694 4034 tus,
741 3984 1084 4022 uenenorum
1122 3970 1431 4022 uenditrice
1473 3969 1705 4037 (artifice
1746 3970 1809 4020 P.
1845 3970 2095 4037 Thomas)
2134 3971 2223 4022 uel
2258 3969 2563 4021 uenenaria
2600 3968 2876 4021 institrice

583 4050 878 4115 Heinsius,
933 4050 1361 4103 uenenariorum
1405 4048 1660 4117 principe
1711 4049 2157 4115 WH.Roscher,
2212 4065 2555 4102 uenenorum
2605 4049 2876 4101 rariorum

584 4130 888 4196 (uariorum
934 4147 1026 4200 690
1066 4131 1252 4183 Herm.
1285 4134 1356 4183 36
1383 4147 1440 4196 p.
1472 4133 1605 4191 296)
1652 4128 1837 4180 indice
1880 4131 2115 4199 Madvig]
2331 4133 2361 4180 8
2401 4128 2699 4182 acer-sitam
2739 4131 2875 4195 MT,

583 4224 793 4261 accers—
828 4212 987 4264 GP'I'
1157 4215 1222 4262 10
1260 4209 1442 4261 minus
1483 4208 1730 4280 (uelox)
1761 4209 2029 4262 Iernstedt
2203 4215 2266 4261 19
2305 4210 2518 4262 nouatu
2551 4209 2695 4278 11¹9,
2730 4226 2878 4263 noua

583 4287 646 4341 tsi
677 4289 819 4343 H²R
936 4296 1003 4343 20
1040 4289 1402 4359 praemiaque
1419 4290 1650 4359 Bentley
1673 4289 1761 4358 (cf.
1783 4291 1848 4343 P.
1871 4291 1934 4343 de
1963 4290 2291 4356 Winterfeld
2308 4290 2478 4343 sched.
2501 4291 2617 4342 crit.
2632 4307 2689 4358 p.
2714 4293 2807 4356 33)

585 4368 891 4435 discipulas
932 4370 1257 4434 Winterfeld
1403 4375 1464 4421 21
1509 4369 1662 4422 dicta
1700 4368 1963 4437 factaque
1998 4371 2065 4423 N
2069 4387 2101 4429 ς
2145 4371 2337 4440 (uuly.)
2484 4369 2878 4438 corripientem

584 4449 816 4516 Bentley
854 4451 1043 4517 (Boot,
1081 4450 1277 4517 Polak)
1460 4455 1525 4503 26
1564 4449 1624 4502 in
1664 4450 1994 4503 deuexanda
2023 4452 2153 4516 XN,
2191 4450 2322 4503 inde
2361 4450 2615 4502 uexando
2646 4452 2878 4521 Bentley

583 4531 650 4579 27
690 4530 747 4581 et
783 4528 1004 4581 incessu
1035 4530 1197 4583 MGe

2912 1551 2965 1590 10

2914 2083 2964 2124 15

2910 2617 2963 2657 2⁰

2910 3149 2960 3187 25
