3325 5209
590 405 721 469 322
1153 365 1156 369 ’
1296 404 1352 460 ο.
1394 405 1708 460 ΒνΕΤοΝΙ
1744 406 2191 472 TRANQVILM

519 587 549 632 2
767 567 1096 644 Quendam
1144 592 1177 633 e
1224 570 1386 633 caris
1434 570 1746 633 ministris
1804 569 2352 653 dispensationem
2402 568 2658 634 cuidam
2707 571 2893 652 quasi

588 676 772 741 fratri
818 679 1142 759 petentem
1189 697 1336 740 cum
1384 676 1753 757 distulisset,
1809 678 2028 760 ipsum
2077 674 2494 741 candidatum
2542 676 2621 740 ad
2668 698 2736 739 se
2784 698 2894 740 uo·

592 784 790 868 cauit3
844 786 1193 866 exactaque
1255 784 1541 867 pecunia,
1599 787 1905 867 quantam
1964 786 2020 848 is
2081 805 2226 847 cum
2293 783 2716 868 suffragatore
2776 804 2892 847 suo

590 890 943 976 pepigerat,
1014 889 1149 954 sine
1202 912 1383 954 mora
1430 890 1788 974 ordinauit3
1854 891 2297 975 interpellanti
2360 911 2514 954 mox
2571 891 2893 955 ministro:

592 996 825 1060 alium
864 996 1052 1080 tibi,
1095 998 1203 1080 ait,
1243 1018 1522 1080 quaere
1559 996 1906 1081 fratrem3
1942 997 2093 1079 hic,
2133 1018 2349 1080 quem
2389 1001 2606 1061 tuum
2642 1000 2894 1081 putas,
2951 1024 2975 1063 5

593 1125 804 1167 meus
840 1107 985 1195 est.
1078 1103 1429 1168 mulionem
1477 1103 1546 1167 in
1585 1105 1820 1168 itinere
1860 1105 2141 1187 quodam
2181 1104 2546 1187 suspicatus
2594 1103 2675 1168 ad
2714 1104 2896 1168 calci-

592 1210 790 1274 andas
836 1210 1046 1274 mulas
1096 1210 1444 1293 desiluisse,
1489 1214 1563 1275 ut
1610 1211 1876 1275 adeunti
1922 1210 2243 1295 litigatori
2290 1211 2577 1295 spatium
2623 1231 2896 1274 moram-

593 1339 717 1400 que
762 1316 1123 1401 praeberet,
1169 1319 1598 1403 interrogauit
1645 1318 1925 1401 quanti
1973 1318 2413 1400 calciasset,
2471 1317 2622 1400 (et)
2665 1321 2896 1402 pactus

524 1441 554 1486 3
595 1426 693 1488 est
738 1423 900 1488 lucri
946 1427 1220 1507 partem.
1292 1423 1784 1507 reprehendenti
1829 1423 1966 1488 filio
2007 1423 2177 1507 Tite,
2226 1423 2399 1508 quod
2441 1424 2635 1488 etiam
2676 1426 2896 1488 urinae

596 1530 878 1616 uectigal
905 1535 1305 1594 commentus
1334 1536 1518 1615 esset,
1545 1532 1885 1615 pecuniam
1921 1553 2001 1595 ex
2026 1532 2239 1616 prima
2264 1531 2573 1615 pensione
2602 1531 2897 1595 admouit
2928 1558 2978 1596 io

596 1636 678 1700 ad
721 1658 933 1720 nares,
998 1637 1330 1701 sciscitans
1383 1660 1558 1701 num
1606 1638 1839 1701 odore
1891 1637 2456 1723 offenderetur3
2521 1641 2585 1702 et
2631 1636 2744 1701 illo
2792 1658 2899 1700 ne·

596 1747 814 1830 gante:
850 1745 1146 1827 atquin,
1175 1745 1404 1828 inquit,
1435 1766 1469 1808 e
1495 1743 1694 1809 lotio
1724 1748 1855 1809 est.
1907 1745 2269 1810 nuntiantis
2298 1744 2548 1830 legatos
2579 1743 2898 1809 decretam

598 1849 655 1914 ei
684 1849 941 1933 publice
969 1872 1099 1915 non
1127 1852 1465 1916 mediocris
1495 1873 1783 1915 summae
1826 1855 2107 1915 statuam
2145 1850 2519 1935 colosseam,
2564 1851 2754 1915 iussit
2792 1851 2897 1915 uel

595 1958 902 2022 continuo
966 1957 1322 2042 ponere[t],
1399 1980 1621 2022 cauam
1687 1979 1950 2021 manum
2023 1962 2356 2022 ostentans
2424 1962 2488 2022 et
2554 1960 2899 2041 paratam

525 2081 559 2127 4
598 2064 837 2129 basim
878 2064 1110 2129 dicens,
1185 2086 1258 2128 ac
1306 2086 1387 2129 ne
1433 2064 1503 2128 in
1547 2068 1725 2128 metu
1778 2064 2033 2148 quidem
2086 2086 2160 2128 ac
2198 2064 2484 2149 periculo
2527 2063 2756 2128 mortis
2797 2086 2899 2128 ex·
2930 2091 2979 2131 15

596 2176 802 2237 tremo
843 2171 1154 2235 abstinuit
1192 2173 1369 2237 iocis.
1445 2194 1593 2235 nam
1644 2193 1790 2235 cum
1843 2172 2012 2235 inter
2061 2175 2268 2236 cetera
2313 2171 2613 2256 prodigia
2640 2168 2900 2234 Mauso-

597 2280 770 2343 leum
809 2278 1147 2362 derepente
1183 2278 1498 2362 patuisset
1536 2283 1601 2342 et
1639 2278 1831 2342 stella
1870 2278 2101 2345 crinita
2137 2279 2207 2341 in
2254 2279 2427 2343 caelo
2477 2277 2901 2362 apparuisset,
2973 2356 2979 2361 ὓ

600 2385 872 2449 alterum
912 2385 989 2449 ad
1020 2383 1270 2449 Iuniam
1304 2383 1640 2450 Caluinam
1669 2408 1703 2449 e
1732 2390 1926 2471 gente
1956 2385 2238 2472 Augusti
2270 2386 2597 2470 pertinere
2636 2384 2903 2465 dicebat,

600 2494 871 2557 alterum
947 2491 1025 2555 ad
1090 2490 1475 2556 Parthorum
1541 2513 1760 2577 regem
1840 2494 1952 2577 qui
2020 2491 2357 2575 capillatus
2422 2496 2615 2575 esset3
2695 2490 2904 2575 prima

602 2621 856 2684 quoque
904 2597 1111 2661 morbi
1160 2600 1546 2663 accessione:
1594 2621 1759 2681 uae,
1807 2599 2040 2683 inquit,
2087 2602 2274 2683 puto
2323 2598 2504 2663 deus
2551 2598 2678 2661 fio.
2932 2625 2983 2664 20

499 2700 592 2767 24
781 2703 1133 2769 Consulatu
1185 2727 1301 2769 suo
1346 2726 1518 2769 nono
1565 2709 1919 2789 temptatus
1966 2707 2036 2769 in
2085 2702 2437 2790 Campania
2484 2702 2903 2768 motiunculis

390 2794 484 2833 ⁸³⁹
504 2790 861 2875 ¹'·⁰·leuibus
920 2812 1341 2895 protinusque
1401 2813 1559 2876 urbe
1620 2814 1911 2897 repetita,
1974 2812 2243 2877 Cutilias
2300 2834 2375 2876 ac
2420 2811 2693 2876 Reatina
2739 2832 2905 2891 rura,

750 2975 814 3022 15
826 2986 944 3038 sqq.
969 2971 1124 3038 Epit.
1148 2975 1200 3035 9,
1222 2974 1291 3024 17
1298 2987 1373 3037 sq.
1398 2968 1555 3022 seriis
1576 2970 1718 3035 ioca,
1740 2969 1945 3038 quibus
1966 2970 2374 3036 delectabatur,
2396 2969 2710 3023 admiscens
2732 2969 2906 3022 inter-

602 3049 687 3103 iit.
728 3049 939 3118 quippe
954 3093 963 3102 .
980 3092 1017 3102 ..
1041 3067 1168 3103 cum
1188 3049 1454 3102 crinitum
1473 3049 1628 3102 sidus
1650 3049 2031 3118 apparuisset:
2052 3050 2223 3116 istud,
2243 3048 2448 3118 inquit,
2470 3050 2545 3103 ad
2562 3064 2754 3119 regem
2774 3047 2905 3101 Per-

604 3146 791 3184 sarum
809 3130 1072 3198 pertinet,
1095 3129 1186 3183 cui
1208 3130 1337 3201 <est
1357 3130 1487 3184 add.
1500 3129 1812 3202 Landolf.)
1835 3130 2076 3198 capillus
2096 3128 2338 3183 effusior.
2443 3136 2506 3183 21
2522 3146 2643 3198 sqq.
2664 3130 2902 3197 Eutrop.

615 3211 741 3265 VII
756 3214 849 3276 20,
867 3214 906 3264 2
942 3209 1217 3278 profluuio
1255 3209 1468 3262 uentris
1507 3209 1787 3263 extinctus
1827 3213 1914 3264 est
1950 3210 2009 3262 in
2045 3210 2186 3264 uilla
2223 3210 2453 3278 propria
2492 3208 2640 3263 circa
2670 3208 2907 3263 Sabinos

606 3291 755 3358 (haec
791 3307 858 3344 ex
890 3291 995 3344 Tit.
1028 3295 1111 3343 11.
1144 3292 1252 3358 10),
1292 3307 1499 3342 annum
1539 3305 1713 3360 agens
1743 3290 1948 3343 aetatis
1984 3291 2392 3360 sexagesimum
2417 3306 2644 3355 nonum,
2683 3287 2904 3358 imperii

604 3386 814 3423 nonum
869 3372 926 3422 et
982 3370 1133 3423 diem
1190 3370 1492 3438 septimum
1540 3370 1715 3439 (Oros.
1758 3371 1875 3424 VII
1910 3376 1963 3437 9,
1993 3376 2065 3425 12
2120 3387 2266 3424 nono
2323 3386 2470 3424 anno
2516 3370 2907 3439 principatus).

607 3451 764 3517 Epe't.
804 3454 858 3515 9,
887 3454 959 3502 17
997 3466 1206 3503 annum
1243 3466 1416 3518 agens
1454 3450 1608 3502 uitae
1648 3450 1862 3517 absque
1899 3468 2011 3504 uno
2050 3450 2529 3520 septuagesimum
2561 3492 2573 3504 .
2595 3494 2606 3504 .
2632 3493 2642 3504 .
2673 3448 2905 3503 interiit.

607 3535 660 3596 9,
691 3534 760 3584 18
794 3530 1009 3583 uentris
1048 3529 1234 3584 eluuie
1270 3529 1452 3584 fessus
1491 3532 1549 3583 et
1576 3530 1910 3599 adsurgens:
1950 3533 2211 3598 stantem,
2250 3530 2348 3596 ait,
2386 3531 2784 3599 imperatorem
2816 3546 2906 3582 ex-

608 3611 802 3664 cedere
849 3609 1010 3663 terris
1058 3610 1235 3666 decet.
1322 3611 1504 3665 Victor
1544 3610 1693 3665 Caes,
1733 3616 1820 3676 10,
1849 3616 1883 3666 5
1939 3628 2066 3663 cum
2112 3611 2232 3665 eius
2269 3611 2429 3680 (Tite)
2472 3613 2637 3678 pater
2683 3612 2908 3678 septua-

606 3691 819 3762 gesimo
858 3690 1083 3756 obisset,
1122 3691 1429 3760 imperator
1467 3690 1740 3744 decennii.

753 3822 781 3868 1
820 3814 1092 3868 ministris
1131 3815 1232 3870 del.
1270 3816 1507 3884 Lipsius
1650 3821 1682 3867 6
1721 3816 2008 3882 quondam
2044 3817 2278 3886 Bentley
2426 3822 2454 3868 7
2495 3814 2792 3870 desiluisse
2822 3814 2909 3882 M,

610 3898 861 3952 desilisse
900 3897 1099 3965 (desel-
1137 3898 1208 3966 P)
1244 3897 1339 3951 rel.
1554 3894 1786 3966 ligatori
1831 3898 1879 3948 Τ
1912 3898 2068 3964 (corr.
2112 3897 2204 3967 ρ’)
2421 3902 2454 3950 8
2493 3897 2552 3950 et
2587 3898 2787 3965 pactus
2826 3898 2911 3950 est

609 3979 657 4033 Ι.
710 3979 975 4043 Gronov„
1028 3977 1228 4045 pactus
1286 3978 1342 4029 et
1397 3977 1657 4047 Bentley,
1714 3980 2025 4045 pactusque
2080 3979 2166 4030 est
2220 3976 2344 4036 12³5
2401 3976 2540 4046 (edd.
2596 3993 2677 4046 pr.
2728 3977 2907 4045 Rom.)

614 4082 678 4130 10
716 4062 973 4145 Ραὲείοιιθ
1014 4076 1101 4142 M,
1138 4073 1409 4143 pansione
1446 4074 1592 4129 GR&
1742 4081 1805 4127 12
1845 4073 2047 4141 atquin
2087 4076 2172 4140 M,
2211 4074 2370 4143 atqui
2405 4075 2499 4129 rel.
2540 4081 2591 4130 et
2625 4075 2694 4129 N
2722 4076 2911 4129 uerius

601 4164 743 4227 puto
885 4155 1210 4209 nuntiantes
1247 4155 1467 4224 legatos
1508 4152 1784 4221 GLY'N,
1828 4154 2119 4208 nuncianti
2155 4152 2347 4224 legato
2388 4173 2444 4221 ς,
2495 4154 2795 4208 nuntiante
2831 4152 2909 4208 le·

609 4238 744 4308 gato
777 4235 917 4291 Oud.
1065 4241 1130 4288 13
1161 4234 1237 4305 ei]
1263 4235 1347 4288 rei
1380 4237 1429 4287 Y
1581 4240 1646 4287 14
1675 4252 1881 4303 ponere
1912 4236 2144 4304 Bentley
2172 4236 2430 4304 (Bam),
2467 4236 2701 4303 poneret
2730 4236 2805 4289 M
2805 4234 2911 4299 Ger,

609 4319 882 4384 ponerent
908 4315 1002 4370 rel.
1034 4321 1085 4370 et
1112 4315 1175 4368 N
1198 4315 1390 4385 (ηαλμ,
1425 4315 1490 4367 ut
1522 4331 1627 4384 pro
1656 4314 1750 4368 uel
1781 4332 1920 4384 pars
1947 4315 2106 4384 edd.),
2143 4331 2351 4383 ponere
2378 4316 2438 4369 et
2465 4316 2613 4370 Roth
2723 4319 2788 4367 15
2818 4330 2912 4366 ex-

610 4399 788 4450 tremo
826 4412 927 4451 om.
971 4398 1020 4448 Y
1184 4400 1247 4446 17
1285 4396 1517 4462 repente
1559 4394 1610 4449 G
1709 4457 1715 4463 ,
1772 4400 1839 4448 20
1876 4410 1983 4448 uae
2022 4396 2113 4462 (ue
2152 4395 2320 4450 LHR
2356 4396 2453 4465 al.)
2489 4396 2560 4461 Ω,
2597 4397 2662 4448 ut
2700 4412 2733 4453 ς
2768 4393 2908 4462 (edd.

611 4476 815 4543 princ„
869 4476 1070 4545 wuly.),
1125 4476 1470 4529 coniecerunt
1503 4473 1618 4528 uah
1657 4491 1765 4529 nae
1803 4476 1865 4529 at
1902 4492 1972 4529 eu
2187 4480 2254 4528 22
2304 4473 2531 4529 cutillas
2567 4477 2646 4541 Ω,
2700 4490 2836 4529 corr.
2877 4490 2912 4533 ς’

612 4555 967 4624 (Beroaldus)
