3325 5209
618 404 747 469 258
1320 402 1376 457 C.
1416 402 1732 457 SVETONI
1767 402 2213 468 TRANQVILLI

614 567 823 632 larum
898 567 1126 632 domus
1203 568 1560 650 priscorum
1627 569 1860 630 ducum
1925 571 2219 631 arserunt
2291 566 2638 631 hostilibus
2703 568 2911 632 adhuc

618 673 850 758 spoliis
889 674 1231 737 adornatae
1270 673 1660 756 deorumque
1699 673 1884 737 aedes
1928 673 2006 738 ab
2044 674 2303 758 regibus
2342 694 2416 738 ac
2453 673 2679 738 deinde
2716 673 2909 738 Puni-

617 783 707 845 cis
755 785 819 844 et
874 779 1136 845 Gallicis
1191 780 1378 844 bellis
1433 784 1623 844 uotae
1681 780 2160 864 dedicataeque,
2216 784 2282 844 et
2336 781 2648 864 quidquid
2700 782 2908 844 uisen-

618 888 769 951 dum
817 891 1008 971 atque
1053 886 1470 950 memorabile
1526 910 1602 951 ex
1658 888 2043 970 antiquitate
2091 887 2448 951 durauerat.
2531 887 2656 951 hoc
2700 889 2911 951 incen-

617 997 791 1059 dium
840 1016 873 1057 e
919 998 1095 1058 turre
1141 993 1617 1057 Maecenatiana
1672 998 2086 1077 prospectans
2142 994 2474 1077 laetusque
2528 994 2906 1076 flammae,
2965 1021 2991 1062 5

615 1106 689 1165 ut
725 1102 954 1184 aiebat,
990 1099 1571 1184 pulchritudine
1609 1099 1884 1164 Halosin
1921 1098 2028 1164 Ilii
2057 1102 2124 1164 in
2161 1101 2276 1164 illo
2316 1122 2432 1165 suo
2473 1103 2762 1165 scaenico
2799 1102 2909 1164 ha-

545 1227 576 1271 3
614 1209 758 1272 bitu
823 1208 1203 1272 decantauit.
1300 1228 1374 1270 ac
1436 1229 1516 1270 ne
1579 1196 1713 1271 non
1776 1196 1927 1270 hinc
1992 1229 2246 1292 quoque
2313 1212 2626 1290 quantum
2689 1212 2907 1291 posset

614 1316 886 1398 praedae
952 1319 1016 1377 et
1079 1314 1526 1378 manubiarum
1590 1314 1950 1397 inuaderet,
2011 1315 2339 1397 pollicitus
2403 1314 2784 1378 cadauerum
2846 1224 2977 1427 et}

613 1423 913 1485 ruderum
988 1422 1336 1506 gratuitam
1397 1422 1790 1505 egestionem
1865 1423 2107 1485 nemini
2172 1421 2251 1484 ad
2323 1421 2624 1505 reliquias
2693 1444 2905 1485 rerum

616 1549 873 1591 suarum
932 1529 1104 1592 adire
1159 1529 1477 1612 permisit3
1536 1528 2139 1611 conlationibusque
2197 1551 2329 1592 non
2386 1529 2659 1611 receptis
2715 1528 2906 1591 modo
2938 1555 2994 1595 ιο

612 1658 840 1698 uerum
895 1639 960 1698 et
1016 1635 1388 1719 efflagitatis
1434 1636 1802 1718 prouincias
1858 1636 2387 1719 priuatorumque
2435 1656 2660 1699 census
2708 1656 2908 1718 prope

510 1739 604 1805 39
616 1742 927 1806 exhausit.
1029 1745 1429 1805 accesserunt
1500 1743 1698 1805 tantis
1764 1764 1841 1805 ex
1915 1743 2203 1825 principe
2276 1741 2462 1804 malis
2529 1741 2908 1824 probrisque

615 1848 925 1930 quaedam
973 1852 1036 1910 et
1083 1848 1377 1911 fortuita:
1431 1846 1801 1930 pestilentia
1846 1849 2037 1910 unius
2085 1850 2406 1932 autumni,
2463 1869 2592 1931 quo
2639 1850 2910 1933 triginta

614 1954 908 2018 funerum
958 1954 1137 2017 milia
1183 1955 1252 2017 in
1295 1956 1608 2019 rationem
1650 1953 1970 2017 Libitinae
2018 1958 2361 2038 uenerunt3
2410 1954 2620 2018 clades
2658 1954 2909 2019 Britan-

610 2062 781 2143 nica,
838 2084 964 2144 qua
1019 2061 1144 2125 duo
1201 2063 1542 2144 praecipua
1600 2061 1836 2143 oppida
1893 2082 2126 2145 magna
2175 2062 2414 2124 ciuium
2463 2063 2907 2145 sociorumque
2937 2088 2991 2127 15

615 2168 802 2231 caede
851 2167 1101 2250 direpta
1147 2171 1323 2251 sunt3
1371 2168 1727 2252 ignominia
1774 2167 1854 2229 ad
1891 2164 2219 2230 Orientem
2264 2168 2628 2253 legionibus
2677 2171 2745 2232 in
2790 2169 2909 2232 Ar-

612 2276 823 2338 menia
878 2275 995 2338 sub
1053 2276 1277 2357 iugum
1334 2275 1548 2336 missis
1596 2294 1913 2357 aegreque
1972 2272 2159 2355 Syria
2212 2278 2477 2338 retenta.
2561 2277 2793 2339 mirum
2844 2280 2908 2339 et

610 2383 717 2444 uel
761 2383 1098 2464 praecipue
1145 2380 1430 2444 notabile
1481 2382 1650 2443 inter
1704 2379 1861 2442 haec
1907 2380 2101 2442 fuerit
2150 2379 2316 2443 nihil
2363 2404 2508 2444 eum
2556 2384 2906 2464 patientius

614 2510 804 2569 quam
854 2487 1192 2550 maledicta
1239 2491 1303 2549 et
1350 2488 1639 2549 conuicia
1683 2486 2021 2548 hominum
2069 2487 2319 2571 tulisse,
2369 2509 2576 2571 neque
2624 2490 2692 2551 in
2730 2488 2905 2552 ullos

610 2593 918 2657 leniorem
977 2616 1169 2676 quam
1227 2594 1337 2676 qui
1385 2616 1450 2657 se
1500 2594 1686 2657 dictis
1744 2597 1856 2655 aut
1912 2592 2301 2656 carminibus
2346 2594 2756 2658 lacessissent
2803 2617 2904 2658 ex·
2933 2620 2988 2660 20

542 2716 573 2763 2
612 2699 838 2762 titisse.
931 2700 1134 2763 multa
1197 2698 1433 2763 Graece
1496 2699 1850 2782 Latineque
1899 2699 2131 2777 <FPR
2194 2722 2254 2780 p.
2308 2700 2476 2783 369>
2544 2703 2907 2784 proscripta

613 2808 725 2868 aut
772 2809 1037 2891 uulgata
1086 2811 1253 2889 sunt,
1300 2807 1465 2870 sicut
1512 2805 1650 2869 illa:

757 3049 820 3095 12
867 3044 1015 3097 Oros.
1050 3045 1171 3098 VII
1194 3048 1244 3110 7,
1265 3050 1331 3096 11
1379 3060 1508 3096 mox
1546 3044 1857 3096 aceruatim
1903 3043 2164 3095 miseram
2207 3043 2500 3096 ciuitatem
2538 3044 2767 3097 obortae
2805 3061 2905 3096 un-

611 3122 781 3189 dique
819 3138 1140 3190 oppressere
1179 3123 1383 3177 clades.
1450 3139 1583 3176 nam
1621 3124 1996 3190 subsequente
2043 3124 2313 3177 autumno
2359 3126 2522 3177 tanta
2568 3123 2696 3177 urbi
2731 3124 2906 3192 pesti-

610 3202 787 3256 lentia
823 3202 1106 3267 incubuit,
1145 3205 1210 3256 ut
1244 3203 1482 3272 triginta
1518 3203 1679 3256 milia
1714 3203 1974 3257 funerum
2020 3202 2077 3254 in
2116 3203 2393 3255 rationem
2429 3201 2711 3256 Libitinae
2748 3203 2907 3255 ueni-

608 3285 750 3335 rent.
893 3289 957 3336 14
974 3301 1093 3353 sqq.
1126 3286 1360 3351 Eutrop.
1395 3286 1518 3338 VII
1538 3290 1623 3350 14,
1642 3288 1677 3336 4
1705 3283 2057 3336 Britanniam
2086 3298 2266 3351 paene
2297 3282 2487 3335 amisit
2516 3284 2603 3350 (cf.
2626 3283 2776 3337 Nero
2795 3285 2903 3351 40).

609 3380 743 3416 nam
795 3363 905 3416 duo
958 3364 1059 3416 sub
1112 3380 1177 3416 eo
1226 3363 1580 3417 nobilissima
1631 3363 1843 3432 oppida
1896 3366 2063 3431 capta
2114 3362 2234 3415 illic
2286 3365 2456 3429 atque
2511 3378 2707 3415 euersa
2758 3365 2903 3416 sunt.

611 3443 934 3496 Armeniam
964 3443 1159 3496 Parthi
1188 3444 1534 3497 sustulerunt
1560 3444 1922 3513 legionesque
1951 3443 2232 3496 Romanas
2261 3442 2364 3495 sub
2392 3443 2590 3512 iugum
2617 3443 2903 3497 miserunt.

617 3523 764 3577 Oros,
798 3524 919 3577 VII
944 3527 1080 3590 7,11
1130 3524 1457 3578 Britannica
1504 3524 1708 3577 deinde
1757 3524 1945 3577 clades
1984 3539 2014 3575 e
2061 3523 2304 3593 uestigio
2353 3524 2586 3589 accidit,
2635 3540 2747 3590 qua
2795 3524 2904 3577 duo

609 3602 914 3671 praecipua
961 3604 1171 3671 oppida
1218 3621 1426 3674 magna
1474 3605 1686 3657 ciuium
1733 3605 2121 3671 sociorumque
2170 3603 2329 3656 clade
2377 3605 2435 3656 et
2474 3603 2645 3657 caede
2684 3603 2906 3671 direpta

611 3685 755 3736 sunt.
814 3686 1106 3752 praeterea
1142 3685 1203 3736 in
1233 3684 1461 3738 Oriente
1499 3685 1723 3754 magnis
1762 3684 2060 3737 Armeniae
2098 3682 2404 3751 prouinciis
2444 3683 2664 3736 amissis
2702 3684 2907 3737 Roma—

608 3778 716 3815 nae
752 3762 1003 3832 legiones
1042 3763 1144 3816 sub
1184 3764 1379 3834 iugum
1415 3765 1740 3818 Parthicum
1777 3763 1998 3827 missae,
2039 3779 2316 3833 aegreque
2347 3762 2508 3830 Syria
2545 3766 2764 3817 retenta
2803 3765 2902 3816 est.

610 3845 678 3909 cf.
718 3844 855 3908 Rus.
889 3843 1032 3896 Fest.
1063 3848 1139 3897 20
2643 3849 2649 3856 '

754 4064 782 4110 1
824 4057 1030 4109 ducum
1066 4061 1134 4123 Τ,
1173 4059 1305 4111 dum
1337 4059 1594 4125 MGPO,
1633 4059 1730 4112 dffi
1757 4059 1876 4126 LS,
1918 4058 2025 4110 dei-1
2062 4059 2112 4111 Τ
2250 4062 2281 4109 2
2322 4057 2418 4128 ab]
2458 4073 2524 4109 ac
2551 4058 2685 4121 LP,
2724 4073 2824 4110 om.
2861 4057 2912 4109 T

610 4144 639 4189 3
682 4138 919 4191 deuotae
953 4138 1021 4203 Gr,
1059 4139 1194 4191 uota
1222 4140 1257 4190 ὃ
1401 4138 1812 4206 dedicataeque
1848 4139 1957 4205 ΤΤ,
1988 4137 2295 4206 deditaque
2327 4136 2602 4202 MLPSa,
2642 4136 2904 4207 editaque

612 4216 680 4280 G,
718 4216 1015 4269 dedicatae
1053 4217 1285 4271 Salmas.
1469 4221 1500 4269 5
1541 4232 1571 4270 e
1599 4234 1735 4271 corr.
1767 4235 1832 4271 ex
1870 4221 1927 4271 et
1957 4220 2043 4283 M,
2083 4218 2152 4269 de
2182 4218 2252 4271 H
2441 4218 2804 4285 perspectans
2842 4216 2904 4285 Q,

608 4295 956 4363 prospiciens
987 4297 1057 4350 H
1220 4302 1248 4349 7
1288 4297 1616 4350 decantauit
1647 4302 1774 4364 post
1807 4297 1900 4350 Il'ii
1929 4299 2105 4352 eolloc.
2136 4300 2184 4350 Τ
2361 4302 2391 4350 9
2428 4295 2710 4350 neminem
2754 4297 2903 4350 Oros&

613 4380 675 4427 11
708 4374 1038 4443 afflagitatis
1060 4379 1147 4443 M,
1184 4376 1320 4446 flag·
1346 4378 1396 4430 T
1514 4377 1863 4445 priuatorum
1898 4379 1948 4432 G'
2068 4384 2133 4431 13
2164 4378 2410 4446 quodam
2441 4378 2518 4431 M
2653 4378 2906 4430 trecenta

610 4454 841 4521 Lipsius
1059 4462 1125 4508 14
1161 4457 1322 4509 milia
1357 4474 1457 4512 mn.
1489 4458 1558 4523 L,
1595 4464 1724 4511 ante
1759 4457 2019 4511 funerum
2055 4459 2255 4512 habent
2287 4459 2337 4511 Τ
2371 4456 2631 4527 (milium)
2671 4464 2722 4510 et
2753 4458 2900 4511 Or03.

611 4538 676 4585 15
717 4533 992 4587 sociorum
1025 4536 1076 4590 G
1222 4541 1288 4589 18
1325 4535 1511 4590 suerat
1543 4537 1594 4591 G
1740 4543 1808 4590 20
1845 4538 2251 4592 lacerauissent
2288 4539 2542 4604 Kraffert
