3325 5209
558 368 683 432 166
1245 369 1300 423 C.
1343 370 1664 424 SVETONI
1702 371 2148 437 TRANQVILLI

564 531 662 596 bis
711 533 778 594 in
825 554 899 595 ea
935 532 1196 616 regione
1241 531 1409 597 filias
1447 535 1633 599 enixa
1681 535 1782 618 sit,
1829 538 1893 597 et
1931 535 2415 618 qualiscumque
2452 540 2675 620 partus
2715 536 2852 599 sine

560 640 695 703 ullo
745 660 930 703 sexus
979 639 1341 703 discrimine
1380 641 1788 724 puerperium
1826 644 2108 722 uocetur,
2157 640 2327 723 quod
2368 641 2617 724 antiqui
2654 641 2845 705 etiam

484 763 519 809 4
559 745 804 828 puellas
852 767 1107 828 pueras,
1162 746 1328 810 sicut
1384 749 1448 809 et
1504 768 1739 830 pueros
1794 748 2045 830 puellos
2094 746 2478 811 dictitarent.
2563 752 2740 812 extat
2786 751 2849 811 et

554 851 837 937 Augusti
884 851 1177 935 epistula,
1223 857 1370 916 ante
1418 874 1660 937 paucos
1708 875 1900 936 quam
1950 854 2156 918 obiret
2203 876 2453 918 menses
2500 854 2580 918 ad
2616 852 2848 940 Agrip·
2888 875 2894 880 ·

551 957 772 1043 pinam
828 963 1087 1042 neptem
1144 959 1236 1022 ita
1290 960 1532 1042 scripta
1578 959 1655 1021 de
1704 955 1861 1023 Gaio
1907 957 2032 1023 hoc
2070 996 2153 1004 —-
2191 981 2400 1042 neque
2455 960 2625 1024 enim
2681 961 2851 1043 quis·
2904 985 2932 1026 5

554 1088 747 1149 quam
795 1066 921 1128 iam
971 1066 1136 1128 alius
1183 1066 1394 1129 infans
1443 1065 1701 1129 nomine
1747 1067 1886 1149 pari
1940 1070 2094 1147 tunc
2142 1071 2469 1150 supererat
2514 1090 2626 1131 -τ
2674 1089 2847 1150 pue-

551 1194 710 1235 rum
777 1170 1040 1235 Gaium
1086 1170 1226 1236 XV.
1275 1171 1432 1236 Kal.
1481 1170 1638 1236 Iun.
1704 1173 1768 1237 si
1825 1171 1933 1235 dii
1987 1171 2280 1257 uolent,
2340 1177 2423 1236 ut
2486 1172 2849 1238 ducerent

553 1277 907 1343 Talarius
970 1282 1041 1342 et
1094 1276 1466 1362 Asillius,
1533 1278 1701 1343 heri
1756 1301 1918 1343 cum
1983 1278 2080 1342 iis
2136 1279 2529 1343 constitui.
2623 1280 2847 1344 mitto

550 1388 947 1469 praeterea
985 1407 1147 1450 cum
1186 1406 1270 1448 eo
1312 1408 1399 1449 ex
1446 1386 1701 1449 seruis
1738 1385 1923 1449 meis
1961 1385 2359 1469 medicum,
2407 1408 2623 1470 quem
2664 1387 2848 1450 scri-

551 1493 671 1576 psi
730 1491 1178 1556 Grermanico
1240 1491 1300 1555 si
1358 1492 1597 1556 uellet
1654 1497 1739 1554 ut
1803 1493 2193 1556 retineret.
2296 1493 2624 1576 ualebis‚
2689 1515 2846 1556 mea
2876 1519 2932 1557 10

554 1597 1009 1683 Agrippina,
1064 1601 1137 1661 et
1195 1598 1410 1662 dabis
1467 1621 1770 1682 operam
1836 1602 1918 1662 ut
1972 1599 2240 1663 ualens
2298 1600 2703 1683 peruenias
2762 1600 2848 1663 ad

482 1721 513 1768 5
557 1704 1084 1769 Germanicum
1140 1708 1366 1768 tuum.
1460 1704 1711 1768 abunde
1766 1726 1987 1787 parere
2043 1704 2322 1770 arbitror
2375 1726 2505 1769 non
2562 1708 2848 1789 potuisse

550 1811 643 1877 ibi
703 1811 879 1875 nasci
938 1809 1194 1894 Gaium,
1259 1832 1387 1894 quo
1444 1833 1646 1894 prope
1711 1811 1995 1875 bimulus
2052 1810 2308 1876 demum
2364 1813 2711 1895 perductus
2769 1815 2845 1877 ab

549 1919 709 1983 urbe
767 1917 865 1982 sit.
942 1918 1404 1982 uersiculorum
1462 1939 1717 2000 quoque
1772 1918 1965 1981 fidem
2014 1919 2233 1982 eadem
2280 1918 2438 1983 haec
2485 1922 2739 1984 eleuant
2786 1926 2849 1983 et

551 2047 626 2090 eo
674 2025 954 2107 facilius,
1020 2025 1191 2108 quod
1250 2025 1298 2088 ii
1355 2026 1491 2088 sine
1538 2030 1799 2090 auctore
1855 2029 2020 2088 sunt.
2106 2026 2426 2109 sequenda
2481 2031 2577 2090 est
2632 2028 2847 2111 igitur,
2879 2051 2928 2090 15

550 2153 713 2215 quae
783 2133 920 2196 sola
980 2131 1262 2215 [auctor]
1322 2134 1523 2195 restat
1583 2135 1646 2195 et
1714 2131 1959 2214 publici
2015 2132 2426 2196 instrumenti
2481 2133 2848 2217 auctoritas,

549 2240 925 2322 praesertim
982 2259 1126 2302 cum
1187 2236 1383 2302 Gaius
1441 2236 1711 2301 Antium
1778 2238 2077 2302 omnibus
2133 2260 2385 2323 semper
2438 2239 2600 2304 locis
2658 2244 2848 2323 atque

552 2344 906 2408 secessibus
960 2344 1317 2428 praelatum
1373 2366 1504 2408 non
1553 2344 1741 2408 aliter
1786 2367 1979 2427 quam
2033 2347 2248 2409 natale
2295 2346 2503 2410 solum
2552 2346 2847 2410 dilexerit

550 2452 968 2534 tradaturque
1024 2450 1217 2515 etiam
1274 2451 1488 2514 sedem
1536 2472 1608 2513 ac
1657 2451 2053 2515 domicilium
2103 2452 2359 2536 imperii
2406 2454 2617 2517 taedio
2667 2454 2846 2517 urbis

551 2559 896 2623 transferre
944 2580 1017 2622 eo
1066 2559 1432 2622 destinasse.
2875 2586 2930 2625 20

478 2663 523 2727 9
732 2663 1061 2750 Caligulae
1108 2686 1466 2750 cognomen
1513 2666 1822 2729 castrensi
1860 2664 2001 2729 ioco
2041 2666 2258 2749 traxit,
2306 2669 2458 2750 quia
2494 2667 2846 2752 manipula-

549 2772 646 2835 rio
682 2771 911 2835 habitu
951 2772 1118 2836 inter
1155 2773 1394 2836 milites
1434 2772 1841 2836 educabatur.
1907 2774 2078 2857 apud
2116 2796 2277 2857 quos
2318 2778 2631 2857 quantum
2671 2797 2849 2859 prae-

548 2881 723 2963 terea
768 2901 882 2961 per
927 2877 1094 2943 hanc
1148 2880 1692 2943 nutrimentorum
1749 2881 2277 2944 consuetudinem
2331 2903 2550 2946 amore
2597 2886 2660 2946 et
2706 2904 2846 2968 gra·

547 2984 641 3048 tia
686 2985 979 3068 ualuerit,
1028 2987 1302 3050 maxime
1342 2987 1674 3070 cognitum
1713 2990 1827 3070 est,
1875 3008 2018 3050 cum
2067 2992 2218 3071 post
2257 3008 2588 3053 excessum
2624 2986 2845 3074 Augu-

693 3158 757 3205 21
800 3153 955 3220 Epit.
987 3156 1096 3218 3,2
1134 3153 1268 3221 quia
1304 3155 1472 3205 natus
1509 3153 1568 3204 in
1607 3153 1854 3206 exercitu
1891 3152 2102 3219 fuerat,
2152 3157 2586 3223 cognomentum
2633 3155 2848 3209 calcea-

548 3232 727 3285 menti
754 3231 1035 3299 militariS‚
1075 3234 1135 3286 id
1164 3236 1250 3286 est
1269 3232 1577 3302 Caligulae,
1606 3234 1837 3287 sortitus
1867 3236 1965 3287 est.
2037 3235 2218 3289 Victor
2240 3236 2499 3301 Gae8.3,4
2529 3236 2664 3303 quia
2682 3238 2847 3289 natus

549 3312 607 3365 in
647 3313 893 3366 exercitu
933 3345 998 3352 —
1038 3314 1185 3366 unde
1225 3315 1657 3383 cognomentum
1695 3313 2074 3367 calceamento
2113 3314 2349 3367 militari
2387 3317 2747 3382 quaesiuerat
2780 3348 2847 3355 —

548 3392 865 3462 legionibus
906 3410 1064 3446 carus
1095 3396 1470 3461 acceptusque
1500 3393 1831 3447 habebatur.
1893 3395 2126 3463 Eutrop.
2159 3396 2282 3447 VII
2306 3399 2392 3461 12,
2415 3402 2444 3449 1
2477 3398 2847 3465 cognomento

549 3472 822 3542 Caligula.
866 3476 1072 3527 Auson.
1102 3478 1230 3539 264,
1253 3479 1282 3526 1
1322 3476 1451 3541 post
1487 3473 1636 3526 hunc
1686 3474 1955 3527 castrensi
1994 3474 2223 3545 Caligae
2276 3476 2604 3545 cognomine
2645 3476 2849 3530 Caesar

550 3553 819 3607 successit
855 3555 943 3620 (cf.
974 3558 1160 3622 257‚4
1198 3553 1418 3620 Caesar,
1458 3570 1768 3622 cognomen
1807 3553 2036 3625 Caligae
2074 3556 2165 3609 cui
2203 3558 2388 3609 castra
2426 3556 2737 3625 dederunt).

694 3704 724 3750 2
765 3696 916 3763 quod
962 3714 1130 3764 usque
1176 3696 1505 3750 dictitarent
1540 3698 1802 3766 ylossema
1847 3704 2007 3765 putat
2044 3699 2221 3752 Polak
2269 3700 2583 3754 desiderans
2621 3699 2845 3752 dictita-

552 3777 695 3830 bant
732 3777 953 3845 (-tarint
990 3778 1055 3830 P.
1090 3777 1344 3845 Thomas)
1527 3784 1556 3829 6
1596 3776 1825 3830 iamiam
1857 3780 1931 3831 M
2106 3784 2137 3830 8
2178 3778 2402 3832 assilius
2441 3780 2495 3846 S,
2541 3778 2768 3834 asellius
2805 3782 2852 3831 Τ

549 3858 642 3926 (cf.
679 3858 795 3911 Tib.
826 3860 919 3926 42)
1069 3861 1134 3909 10
1165 3864 1292 3924 post
1327 3856 1500 3911 uellet
1544 3859 1722 3911 nescio
1760 3859 1894 3925 quid
1930 3862 2066 3925 (octo
2100 3859 2213 3924 fere
2253 3860 2376 3927 litt.)
2415 3876 2628 3913 erasum
2666 3860 2728 3912 i‘n
2761 3862 2847 3925 M,

549 3937 724 4010 (uti)
752 3938 930 4006 suppl.
966 3938 1198 3991 Gasaub.
1363 3943 1426 3989 12
1469 3954 1739 4006 apparere
1769 3938 1846 3992 Ρ2
1858 3955 1908 4004 ς,
1937 3941 2130 4007 patere
2155 3940 2205 3991 Τ
2343 3945 2406 3992 15
2444 3956 2555 3992 non
2595 3942 2726 3992 sunt
2764 3956 2848 3993 se-

548 4017 777 4087 quendi.
845 4016 947 4069 Est
981 4016 1156 4085 igitur
1180 4017 1232 4070 G
1377 4023 1441 4070 16
1483 4020 1678 4070 auctor
1717 4021 1963 4086 (auctore
1991 4020 2110 4087 ST)
2147 4022 2325 4073 restat
2363 4022 2560 4089 (restat
2586 4021 2653 4089 S>
2693 4022 2750 4074 et
2779 4023 2847 4085 Ω,

552 4102 750 4151 auctor
777 4104 826 4151 et
856 4100 912 4150 et
941 4098 1040 4150 del.
1072 4097 1390 4163 Scriverius,
1419 4100 1476 4151 et
1503 4104 1686 4151 tuetur
1718 4099 1855 4152 Oud.
1888 4099 1960 4167 (ei
1980 4116 2087 4168 pro
2117 4103 2174 4153 et
2202 4102 2515 4169 Heinsius);
2554 4117 2700 4168 quae
2729 4101 2849 4154 sola

548 4178 858 4231 auctoritas
895 4179 1075 4230 restat
1115 4178 1365 4243 Cosano,
1410 4193 1553 4245 quae
1596 4177 1718 4230 sola
1762 4181 1985 4231 auctore
2030 4182 2144 4232 stat
2179 4183 2268 4235 uel
2309 4198 2417 4248 quo
2457 4181 2574 4234 solo
2620 4184 2845 4234 auctore

548 4260 728 4311 stetur
765 4260 854 4311 uel
892 4273 1037 4325 quae
1076 4256 1195 4311 sola
1233 4260 1427 4311 auctor
1458 4260 1634 4311 restat
1673 4259 1794 4325 (del.
1826 4261 1900 4326 et)
1931 4260 2181 4330 Bentley,
2221 4264 2472 4313 actorum
2503 4278 2608 4329 pro
2653 4264 2846 4314 auctor

548 4338 862 4392 Beroaldus
899 4338 1090 4407 (παῖς.)
1308 4344 1370 4389 21
1412 4337 1534 4390 ioco
1574 4358 1603 4404 ρ
1645 4339 1971 4408 (Baream),
2010 4339 2133 4393 loco
2173 4343 2223 4391 ,Ω
2420 4341 2762 4410 manipulari
2795 4341 2844 4395 G

548 4419 823 4563 {gemble-y)
970 4424 1037 4470 22
1066 4420 1365 4485 propterea
1397 4419 1627 4472 Gasaub.
1658 4420 1768 4487 (uel
1794 4421 1991 4487 postea
2022 4420 2288 4490 Bentley),
2322 4424 2545 4489 praeter
2573 4425 2692 4491 (om.
2725 4425 2844 4491 per)

611 4516 673 4551 ra
723 4505 803 4551 ert
