3325 5209
1081 420 1300 478 DIVVS
1337 421 1719 478 AVGVSTVS
1757 435 1888 484 [cAP.
1920 436 2094 485 25—26]
2622 424 2708 489 65

415 580 518 650 etz·
558 582 678 650 sat
722 582 1094 651 'celeriter
1147 582 1329 651 fi'eri
1377 584 1751 671 quidquid
1796 587 1944 650 fiat
1991 586 2184 651 satis
2231 587 2436 652 bene.
2527 589 2706 672 proe‘-

416 694 573 757 lium
627 693 885 777 quidem
941 699 1053 758 aut
1110 689 1352 758 bellum
1399 693 1870 777 suscipiendum
1932 696 2192 780 omnino
2238 694 2536 780 negabat,
2579 693 2708 758 nisi

416 794 560 864 c'um
606 801 816 864 maior
860 795 1279 864 emolumenti
1325 798 1470 884 spes
1509 799 1699 883 quam
1740 799 1956 863 damni
1992 804 2203 864 metus
2246 801 2706 865 ostenderetur.
2747 857 2752 860 ,

414 925 563 969 nam
607 908 877 970 minima
923 905 1256 970 commoda
1298 927 1432 970 non
1477 908 1744 970 minimo
1785 905 2093 971 sectantis
2131 906 2497 970 discrimine
2534 907 2707 971 simi-

338 1029 389 1078 ·”5
418 1012 512 1076 les
558 1012 771 1077 aiebat
826 1033 963 1076 esse
1019 1033 1211 1076 aureo
1268 1012 1460 1076 hamo
1514 1012 1956 1099 piscantibuS,
2000 1016 2196 1086 cuius⁴
2229 1014 2488 1097 abrupti
2536 1015 2708 1078 dam-

416 1139 569 1183 num
614 1119 795 1183 nulla
842 1124 1107 1203 captura
1151 1121 1410 1202 pensari
1454 1123 1693 1203 posset.

589 1225 1011 1313 Magistratus
1068 1230 1281 1310 atque>
1314 1226 1594 1290 honores
1649 1230 1714 1290 et
1767 1229 1944 1290 ante.
1970 1229 2225 1310 tempus
2280 1232 2343 1291 et
2392 1229 2702 1311 quosdam
2722 1225 2814 1290 ⁶26

413 1335 570 1397 noui
616 1333 869 1418 generis
914 1336 1407 1417 perpetuosque.
1426 1333 1612 1417 cepit.
1688 1335 2092 1398 consulatum
2131 1333 2436 1399 uicesimo
2477 1337 2707 1399 aetatis

414 1462 581 1503 anno
640 1441 880 1504 inuasit
936 1440 1214 1504 admotis
1260 1440 1590 1504 hostiliter
1645 1439 1725 1503 ad
1777 1441 2001 1504 urbem
2056 1441 2421 1527 legionibus
2467 1441 2709 1506 missis·
2769 1469 2777 1477 ⁴

334 1564 390 1610 ἰο
419 1568 544 1630 que
619 1545 731 1629 qui
808 1547 933 1610 sibi
994 1547 1255 1610 nomine
1324 1548 1643 1611 exercitus
1719 1547 2158 1631 deposcerent3
2231 1570 2373 1612 cum
2450 1548 2705 1632 quidem

415 1649 753 1718 cunctante
810 1657 1034 1718 senatu
1089 1651 1425 1718 Cornelius
1486 1656 1774 1719 centurio
1786 1707 1802 1737 ,
1856 1656 2154 1737 princeps
2198 1657 2570 1740 legationiS,
2614 1677 2709 1719 re-

413 1761 578 1825 iecto
618 1760 844 1846 sagulo
885 1762 1229 1838 ostendens
1275 1760 1474 1846 gladii
1522 1761 1821 1844 capulum
1866 1782 1999 1824 non
2035 1760 2390 1825 dubitasset
2425 1762 2496 1825 in
2534 1763 2708 1826 curia

412 1868 644 1931 dicere:
702 1866 826 1931 hic
880 1866 1142 1951 faciet,
1199 1869 1263 1931 si
1319 1888 1456 1931 uos
1509 1888 1661 1931 non
1706 1867 2076 1932 feceritis.
2167 1868 2514 1932 secundum
2563 1891 2708 1932 con·
2744 1882 2776 1929 2

412 1975 694 2038 sulatum
748 1978 898 2057 post
958 1996 1196 2039 nouem
1252 1996 1454 2039 annos
1465 2027 1482 2060 ,
1547 1974 1811 2039 tertium
1872 1996 2040 2038 anno
2096 1977 2430 2040 interiecto
2487 1977 2707 2061 gessit,

332 2098 384 2144 it
414 2081 742 2165 sequentis
796 2103 999 2164 usque
1055 2081 1135 2144 ad
1190 2082 1598 2145 undecimum
1654 2082 2084 2167 continuauit,
2140 2081 2492 2166 multisque
2538 2104 2707 2164 mox,

414 2211 556 2253 cum
599 2187 1013 2273 deferrentur,
1059 2187 1372 2252 recusatis
1410 2187 1856 2253 duodecimum
1897 2210 2151 2274 magnO,
2198 2190 2265 2253 id
2301 2193 2400 2253 est
2438 2193 2708 2274 septem-

413 2291 618 2359 decim
666 2317 999 2377 annorum,
1044 2295 1386 2360 interuallo
1426 2299 1490 2360 et
1527 2317 1751 2359 rursus
1788 2297 2053 2360 tertium
2091 2296 2409 2360 decimum
2444 2295 2706 2360 biennio

411 2407 562 2485 post
625 2402 799 2466 ultro
864 2401 1056 2486 petit,
1120 2409 1193 2466 ut
1249 2401 1315 2467 C.
1376 2407 1441 2466 et
1495 2402 1770 2466 Lucium
1833 2403 2005 2466 filios
2067 2402 2468 2486 amplissimo
2532 2424 2708 2485 prae-

414 2509 586 2572 ditus
641 2507 1026 2594 magistratu
1085 2529 1200 2572 suo
1260 2530 1580 2592 quemque
1634 2509 1937 2572 tirocinio
1985 2508 2319 2572 deduceret
2363 2508 2437 2571 in
2477 2508 2707 2572 forum.

333 2633 387 2677 ιο
414 2618 699 2700 quinque
737 2615 979 2679 medios
1031 2615 1400 2679 consulatus
1439 2637 1476 2678 a
1514 2620 1696 2679 sexto
1735 2614 1815 2679 ad
1852 2615 2167 2680 decimum
2207 2637 2453 2680 annuos
2490 2616 2707 2701 gessit,
2746 2626 2780 2673 3

414 2727 659 2787 ceteros
707 2726 819 2786 aut
853 2744 1088 2786 nouem
1134 2727 1246 2786 aut
1292 2744 1404 2786 sex
1453 2726 1565 2786 aut
1613 2723 1921 2805 quattuor
1966 2727 2077 2787 aut
2114 2722 2325 2786 tribus
2362 2722 2708 2805 mensibuS,

415 2829 762 2894 secundum
826 2849 981 2892 uero
1044 2830 1447 2912 paucissimis
1512 2828 1707 2892 horis.
1799 2851 1949 2892 nam
2017 2830 2118 2892 die
2172 2829 2315 2893 Kal.
2371 2826 2505 2892 Ian.
2562 2851 2707 2892 cum

415 2958 600 2999 mane
645 2957 764 3019 pro
811 2937 964 2999 aede
1009 2934 1355 3018 Capitolini
1401 2934 1576 2999 Iouis
1623 2937 2212 3019 paululum'curuli
2260 2935 2419 2998 sella
2464 2956 2708 3019 praese-
2760 2949 2767 2962 ⁸

416 3042 627 3126 disset,
672 3042 916 3106 honore
964 3042 1122 3106 abiit
1169 3043 1436 3106 suffecto
1484 3041 1619 3105 alio'
1659 3043 1726 3106 in
1773 3041 1992 3106 locum
2036 3064 2241 3106 suum.
2321 3063 2440 3106 nec
2487 3063 2708 3105 omnes

561 3298 586 3342 1
628 3291 783 3358 Epit.
815 3294 866 3355 1,
887 3294 953 3341 11
995 3287 1429 3342 satis'celeriter
1464 3287 1612 3356 fieri,
1650 3287 1929 3355 quidquid
1967 3287 2255 3340 commode
2293 3290 2581 3355 gereretur
2619 3287 2705 3355 (cf.

417 3370 655 3424 Ribbeck
690 3385 819 3424 com.
858 3367 996 3439 fr9.⁸
1024 3385 1084 3435 p.
1118 3373 1238 3421 150.
1293 3369 1440 3434 Otto,
1477 3369 1735 3437 Sprichw.
1770 3386 1827 3436 p.
1862 3370 1967 3436 79).
2154 3376 2313 3435 lsqq.
2371 3368 2525 3434 Epit.
2559 3373 2616 3433 1,
2637 3370 2710 3419 12

416 3466 681 3519 armaque
727 3449 840 3502 nisi
885 3448 1114 3502 maioris
1161 3448 1524 3502 emolumenti
1570 3465 1667 3517 spe
1712 3465 2070 3522 nequaquam
2114 3447 2398 3501 mouenda
2445 3464 2592 3513 esse,
2636 3462 2709 3499 ne

419 3529 748 3599 compendio
786 3528 969 3597 tenui,
1008 3530 1228 3581 iactura
1264 3528 1428 3597 graui
1473 3528 1657 3598 petita
1695 3528 1935 3582 uictoria
1974 3527 2174 3581 similis
2222 3527 2299 3581 sit
2333 3528 2500 3580 hamo
2540 3543 2708 3581 aureo

416 3605 785 3679 piscantibu8‚
824 3608 981 3662 cuius
1020 3608 1249 3677 abrupti
1277 3608 1580 3676 amissique
1619 3608 2019 3662 detrimentum
2055 3608 2217 3661 nullo·
2248 3611 2516 3676 capturae
2553 3606 2708 3661 lucro

416 3689 642 3760 pensari
668 3681 872 3759 potest.
921 3690 1184 3760 Polyaen.
1210 3690 1363 3743 VIII
1386 3693 1524 3754 24,6
1551 3689 1836 3758 Σεβαστὸς
1862 3679 1994 3750 τοὺςζ·
2022 3688 2157 3742 ἄνευ
2186 3684 2518 3748 λυσιτελείας
2543 3682 2709 3756 ὁιψοὲ

419 3771 720 3831 κινδύνους
766 3769 911 3839 ἔλεγε
967 3769 1142 3839 μηδὲν
1189 3768 1481 3837 διαφέρειν
1530 3777 1641 3821 τῶν
1691 3777 1921 3839 χρυσοῖς
1975 3767 2292 3837 ἀγκίστροις
2337 3765 2709 3836 ἁλιευομένων

418 3853 508 3920 (cf.
552 3852 691 3917 Otto,
720 3850 980 3918 Sprichw.
1012 3868 1071 3918 p.
1105 3853 1248 3920 158).
1395 3854 1427 3901 8
1466 3849 1701 3916 Eutrop.
1744 3850 1868 3902 VII
1883 3853 1937 3914 2,
1957 3854 1988 3901 1
2030 3849 2264 3902 Romam
2297 3865 2426 3900 cum
2462 3847 2711 3900 exercitu
2761 3875 2768 3878 ·

418 3930 702 4000 profectus
740 3931 999 3994 extorsit,
1038 3927 1104 3982 ut
1140 3929 1249 3982 sibi
1286 3928 1554 3982 uicesimo
1593 3945 1740 3981 anno
1780 3928 2104 3981 consulatus
2144 3929 2385 3981 daretur.
2535 3932 2598 3981 17
2638 3929 2707 3994 cf.

420 4012 628 4065 Auson.
667 4016 807 4080 yrat.
844 4016 948 4064 act.
982 4016 1033 4077 6,
1060 4014 1134 4064 25
1172 4010 1416 4078 Augusti
1452 4009 1726 4062 tredecim
1762 4008 2103 4063 consulatus.

568 4241 593 4286 1
636 4236 696 4288 et
731 4239 1062 4302 expunctum
1099 4235 1162 4286 in
1188 4232 1239 4286 G
1279 4235 1411 4300 (non
1438 4233 1502 4284 in
1528 4234 1584 4303 9)
1729 4232 1829 4284 fiat
1866 4233 1924 4285 et
1957 4232 2007 4286 G
2036 4234 2115 4301 (et
2140 4249 2209 4286 ss,
2239 4249 2307 4285 m.
2329 4233 2384 4298 1)
2530 4236 2561 4283 3
2589 4247 2711 4283 ma-

420 4314 537 4368 iore
586 4317 660 4368 M
664 4313 917 4383 ¹V¹Q¹s¹
955 4316 1108 4382 (corr.
1158 4330 1224 4365 m.
1264 4313 1322 4382 2)
1480 4311 1873 4365 emolumentis
1923 4315 1998 4366 M
2137 4315 2169 4364 ὁ
2220 4311 2387 4364 hamo
2439 4327 2608 4364 aureo
2659 4311 2712 4365 G

422 4395 578 4462 Epit.
690 4398 721 4445 6
752 4392 933 4462 possit
959 4393 1026 4447 N
1139 4398 1166 4444 7
1198 4391 1293 4445 sed
1327 4394 1458 4445 ante
1490 4392 1673 4445 MGY
1786 4397 1817 4444 8
1848 4393 2068 4461 generis
2097 4391 2229 4446 noui
2253 4392 2304 4446 G
2425 4396 2490 4445 10
2518 4407 2710 4460 posce-

420 4475 547 4528 rent
587 4473 707 4544 619
891 4478 955 4525 18
1001 4472 1170 4540 petiit
1213 4471 1340 4526 Y'P
1374 4472 1536 4541 (edd.)
1719 4471 1799 4543 C.]
1837 4473 2065 4525 brutum
2101 4476 2162 4526 X
2331 4472 2618 4540 praeditos
2661 4471 2713 4524 G

423 4557 491 4606 20
526 4553 885 4607 undecimum
922 4554 1016 4622 (xl.
1046 4553 1164 4621 RQ)
1202 4555 1249 4605 Τ

529 4653 798 4693 Svmomvs
826 4653 895 4692 ed.
923 4653 1058 4693 Ihm.
1110 4653 1148 4692 Ι.
2254 4646 2284 4691 5
