3325 5209
1330 414 1526 469 OTHO
1565 426 1698 477 [off.
1719 426 1868 477 8-11]
2615 415 2742 480 291

445 600 563 643 nec
610 578 851 643 frustra
898 578 1270 662 opinantur,
1328 578 1537 665 magis
1588 579 1863 663 pudore,
1913 601 1994 643 ne
2048 581 2235 644 tanto*
2279 586 2495 644 rerum
2542 578 2747 645 homi-

445 708 731 770 numque
801 686 1089 770 periculo
1164 685 1672 750 dominationem
1746 685 1869 750 sibi
1941 707 2221 751 asserere
2291 691 2748 771 perseueraret,

448 814 641 876 quam
689 793 1134 877 desperatione
1171 792 1306 857 ulla
1344 797 1457 857 aut
1503 792 1863 857 diffidentia
1909 794 2263 878 copiarum3
2312 794 2550 879 quippe
2595 795 2746 858 resi-

447 900 591 972 duis
638 898 1036 985 integrisque
1097 899 1290 963 etiam
1345 921 1519 964 nunc
1575 921 1734 983 quas
1793 921 2008 964 secum
2056 899 2137 963 ad
2184 900 2498 965 secundos
2560 923 2747 966 casus

393 1033 418 1072 5
449 1007 832 1091 detinuerat,
891 1011 955 1070 et
1002 1006 1600 1089 superuenientibus
1648 1007 1792 1070 aliis
1840 1029 1874 1070 e
1919 1006 2244 1071 Dalmatia
2288 1007 2748 1091 Pannoniaque

447 1118 511 1177 et
547 1111 812 1197 Moesia,
855 1134 935 1176 ne
984 1111 1174 1176 uictis
1214 1111 1472 1195 quidem
1512 1114 1668 1177 adeo
1716 1113 1980 1178 afflictis
2024 1117 2099 1178 ut
2139 1136 2274 1178 non
2318 1115 2388 1178 in
2432 1114 2746 1179 ultionem

446 1220 838 1305 ignominiae
885 1219 1145 1302 quiduis
1194 1218 1578 1284 discriminis
1625 1220 1797 1284 ultro
1846 1223 1911 1283 et
1956 1221 2063 1283 uel
2109 1221 2279 1285 solae
2328 1221 2634 1285 subirent.

622 1324 927 1390 Interfuit
972 1325 1125 1391 huic
1172 1325 1341 1389 bello
1380 1331 1564 1409 pater
1610 1348 1790 1390 meus
1829 1325 2174 1392 Suetonius
2217 1327 2472 1411 Laetus,
2517 1328 2745 1392 tertiae
2765 1329 2855 1398 10

446 1433 723 1496 decimae
796 1432 1073 1518 legionis
1149 1432 1449 1496 tribunus
1525 1433 2050 1518 angusticlauius
2153 1435 2209 1498 is
2286 1456 2436 1500 mox
2509 1434 2745 1498 referre

365 1566 418 1606 10
448 1540 670 1605 crebro
732 1539 981 1603 solebat
1043 1537 1365 1603 Othonem
1435 1539 1626 1602 etiam
1699 1540 2029 1623 priuatum
2098 1561 2303 1623 usque
2359 1539 2518 1604 adeo
2578 1541 2746 1606 dete-

447 1650 691 1710 statum
739 1646 956 1710 ciuilia
1002 1666 1207 1729 arma,
1262 1648 1336 1708 ut
1390 1649 1786 1710 memorante
1833 1645 2112 1728 quodam
2174 1646 2345 1710 inter
2397 1647 2619 1731 epulas
2667 1648 2744 1711 de

446 1752 628 1816 Cassi
665 1753 979 1835 Brutique
1016 1753 1196 1816 exitu
1234 1750 1662 1836 cohorruerit3
1700 1773 1820 1817 nec
1858 1773 2317 1818 concursurum
2357 1776 2500 1818 cum
2541 1753 2746 1819 Galba

445 1859 670 1941 fuisse,
717 1860 844 1923 nisi
891 1859 1239 1923 confideret
1286 1859 1422 1923 sine
1466 1858 1640 1922 bello
1688 1880 1823 1923 rem
1871 1859 2145 1945 transigi
2190 1882 2408 1944 posse3
2463 1864 2621 1926 tunc
2667 1861 2746 1925 ad

448 1965 921 2049 despiciendam
971 1966 1174 2029 uitam
1232 1966 1524 2048 exemplo
1581 1966 2001 2049 manipularis
2056 1966 2286 2030 militis
2336 1968 2746 2051 concitatum,

367 2098 419 2138 15
450 2073 560 2155 qui
599 2094 744 2135 cum
782 2072 1026 2136 cladem
1066 2072 1382 2136 exercitus
1418 2073 1749 2136 nuntiaret
1784 2093 1904 2136 nec
1943 2074 2240 2155 cuiquam
2277 2073 2470 2137 fidem
2507 2076 2746 2139 faceret

449 2200 520 2243 ac
549 2200 723 2243 nunc
750 2179 1041 2243 mendaci
1078 2201 1249 2244 nunc
1285 2179 1561 2263 timoriS,
1609 2179 1795 2262 quasi
1837 2179 2130 2265 fugisset,
2168 2201 2247 2243 ex
2282 2180 2416 2244 acie
2456 2202 2745 2266 arguere-

445 2289 570 2369 tur,
617 2286 833 2371 gladio
881 2289 1031 2350 ante
1074 2286 1267 2368 pedes
1314 2287 1452 2350 eius
1495 2285 1883 2371 incubuerit.
1965 2285 2090 2349 hoc
2135 2286 2279 2349 uiso
2317 2285 2749 2369 proclamasse

445 2413 592 2455 eum
639 2393 867 2474 aiebat,
918 2414 1068 2456 non
1113 2391 1443 2475 amplius
1492 2415 1566 2455 se
1614 2393 1691 2456 in
1735 2392 2163 2475 periculum
2209 2394 2394 2457 talis
2440 2397 2744 2477 tamque

447 2498 636 2562 bene
685 2499 1002 2562 meritos
1050 2500 1599 2563 coniecturum.

365 2630 419 2670 20
625 2604 914 2668 Fratrem
976 2606 1179 2690 igitur
1238 2605 1582 2688 fratrisque
1640 2605 1850 2669 filium
1917 2610 1980 2669 et
2041 2607 2331 2692 singulos
2392 2608 2744 2671 amicorum
2783 2627 2819 2675 2

447 2711 837 2794 cohortatuS,
867 2714 940 2774 ut
970 2711 1093 2774 sibi
1132 2712 1404 2794 quisque
1433 2733 1549 2794 pro
1579 2712 1889 2777 facultate
1918 2713 2296 2796 consuleret,
2324 2713 2405 2777 ab
2446 2713 2744 2797 amplexu

447 2820 510 2882 et
549 2817 769 2882 osculo
820 2839 936 2880 suo
977 2817 1222 2880 dimisit
1269 2818 1496 2902 omniS,
1536 2823 1907 2902 secretoque
1953 2824 2142 2904 capto
2183 2820 2372 2884 binos
2412 2819 2743 2885 codicillos

446 2925 753 3006 exarauit,
800 2924 879 2987 ad
928 2945 1214 2987 sororem
1253 2925 1720 2989 consolatorios
1768 2930 1832 2989 et
1877 2926 1956 2990 ad
1994 2925 2408 2991 Messalinam
2446 2925 2742 3012 Neronis,

447 3053 637 3114 quam
695 3031 1107 3095 matrimonio
1167 3031 1546 3115 destinarat,
1606 3032 2060 3096 commendans
2119 3032 2426 3117 reliquias
2483 3056 2631 3098 suas
2680 3038 2744 3099 et

365 3164 416 3203 25
446 3137 836 3201 memoriam.
920 3137 1225 3222 quicquid
1265 3138 1490 3201 deinde
1527 3139 1949 3222 epistularum
1993 3143 2145 3222 erat,
2191 3161 2271 3203 ne
2310 3141 2412 3203 cui
2458 3140 2743 3224 periculo

444 3248 557 3307 aut
599 3266 805 3308 noxae
852 3243 1023 3328 apud
1069 3246 1380 3309 uictorem
1426 3245 1667 3328 forent,
1720 3247 2166 3310 concremauit.
2260 3246 2483 3310 diuisit
2531 3251 2595 3310 et
2639 3269 2745 3331 pe-

445 3351 665 3414 cunias
714 3351 1083 3415 domesticis
1139 3374 1217 3415 ex
1273 3352 1460 3434 copia
1511 3353 1851 3435 praesenti.
1936 3357 2128 3436 atque
2182 3353 2274 3417 ita
2328 3358 2590 3436 paratus
2637 3354 2732 3417 in·
2753 3355 2839 3424 11

442 3461 787 3541 tentusque
835 3458 962 3522 iam
1003 3459 1219 3541 morti,
1266 3459 1551 3522 tumultu
1599 3460 1767 3523 inter
1812 3481 2024 3523 moras
2063 3464 2287 3524 exorto
2335 3463 2408 3523 ut
2455 3482 2583 3544 θος,
2632 3462 2743 3545 qui

444 3563 763 3628 discedere
820 3567 884 3628 et
941 3564 1115 3628 abire
1173 3563 1584 3649 coeptabant,
1640 3567 1876 3649 corripi
1933 3566 2118 3649 quasi
2175 3566 2527 3631 desertores
2587 3569 2744 3632 deti-

588 3755 655 3802 10
676 3766 795 3817 sqq.
828 3748 1065 3817 Eutrop.
1109 3750 1232 3804 VII
1252 3752 1339 3814 17,
1369 3753 1403 3802 3
1430 3749 1755 3818 petentibus
1783 3748 2079 3816 militibus,
2118 3767 2189 3803 ne
2216 3753 2335 3804 tam
2364 3750 2477 3804 cito
2508 3751 2578 3805 de
2605 3751 2743 3805 belli

444 3827 768 3896 desperaret
818 3831 1050 3895 euentu,
1103 3845 1230 3882 cum
1281 3828 1429 3882 tanti
1482 3846 1538 3882 se
1590 3845 1704 3882 non
1754 3845 1873 3884 esse
1913 3829 2172 3896 dixisset,
2223 3833 2289 3884 ut
2338 3833 2569 3900 propter
2614 3848 2743 3887 eum

442 3907 656 3961 bellum
692 3907 860 3963 ciuile
895 3910 1230 3964 moueretur.

588 4074 614 4120 1
655 4069 881 4122 tantum
910 4070 985 4123 M
987 4069 1006 4099 ²
1152 4077 1184 4122 4
1223 4069 1398 4122 etiam
1434 4070 1569 4122 tunc
1606 4069 1841 4124 Ursinus
1994 4070 2259 4124 aduersos
2297 4074 2387 4126 uel
2423 4072 2604 4125 iactus
2634 4088 2743 4142 pro

444 4163 604 4201 casus
644 4150 875 4219 Bentley
1034 4154 1065 4202 5
1106 4149 1158 4220 e]
1198 4164 1232 4201 a
1260 4150 1316 4204 R
1461 4154 1493 4200 6
1530 4150 1625 4220 ne]
1662 4165 1768 4203 nec
1804 4148 2000 4220 H¹QX
2135 4156 2169 4204 8
2207 4150 2437 4223 Laetus]
2474 4151 2617 4207 lenis
2664 4155 2743 4212 Τς

442 4228 636 4298 (uulq.)
854 4233 885 4282 9
925 4228 1233 4299 augusticl-
1275 4227 1463 4284 GY'P
1671 4228 1782 4284 iste
1821 4229 1955 4300 Πᾮ
2170 4237 2233 4285 11
2285 4234 2464 4303 arma]
2510 4232 2664 4287 bella
2696 4237 2746 4287 Τ

444 4313 510 4361 12
549 4307 866 4363 occisurum
895 4326 1022 4364 eum
1053 4308 1291 4363 Galbam
1319 4309 1552 4379 Bentley
1697 4327 1824 4362 cum
1852 4309 2034 4364 Galba
2073 4311 2172 4365 del.
2204 4310 2380 4367 Pozak
2526 4318 2592 4367 13
2626 4311 2741 4367 bel-

439 4386 558 4444 lore
580 4391 655 4443 M
760 4394 829 4443 22
859 4389 1048 4458 capito
1076 4392 1147 4457 R,
1177 4392 1403 4459 captato
1424 4393 1484 4442 X
1584 4394 1653 4442 23
1683 4390 2088 4444 consolatorias
2119 4390 2256 4447 L¹P
2359 4395 2418 4446 et
2442 4393 2612 4458 Toron,
2643 4394 2744 4448 sed

443 4468 637 4537 ΜΒΓ,
667 4471 767 4526 sed
793 4471 850 4525 et
873 4469 982 4526 GP
995 4471 1078 4540 (in
1095 4471 1193 4524 hoc
1212 4486 1312 4524 om.
1334 4470 1427 4540 ad)
1457 4469 1814 4541 SOT(uuly.)
1924 4476 1992 4524 26
2029 4471 2231 4526 noxiae
2255 4472 2307 4527 G
2416 4478 2483 4525 29
2515 4472 2740 4527 descen-

441 4548 570 4604 dere
595 4549 647 4604 G
756 4551 1050 4605 certabant
1071 4550 1183 4620 M1,
1213 4552 1367 4620 cept-
1390 4551 1465 4604 M
1466 4549 1651 4619 vm,
1684 4552 1841 4619 capt·
1859 4553 1951 4605 rel.
1983 4558 2035 4607 et
2052 4553 2088 4604 ὃ
2115 4553 2199 4621 (in
2224 4553 2324 4608 hoc
2350 4569 2451 4606 om.
2482 4554 2539 4606 et
2567 4552 2740 4620 abire)

2211 4641 2314 4693 19*
