<?xml version="1.0" encoding="UTF-8"?>
<!DOCTYPE html PUBLIC "-//W3C//DTD XHTML 1.0 Transitional//EN"
    "http://www.w3.org/TR/xhtml1/DTD/xhtml1-transitional.dtd">
<html xmlns="http://www.w3.org/1999/xhtml" xml:lang="en" lang="en">
 <head>
  <title>
</title>
<meta http-equiv="Content-Type" content="text/html;charset=utf-8" />
  <meta name='ocr-system' content='tesseract 3.04.00' />
  <meta name='ocr-capabilities' content='ocr_page ocr_carea ocr_par ocr_line ocrx_word'/>
</head>
<body>
  <div class='ocr_page' id='page_1' title='image "./csvetonitranqui00unkngoog_0262.png"; bbox 0 0 3325 5209; ppageno 0'>
   <div class='ocr_carea' id='block_1_1' title="bbox 571 401 2164 469">
    <p class='ocr_par' dir='ltr' id='par_1_1' title="bbox 571 401 2164 469">
     <span class='ocr_line' id='line_1_1' title="bbox 571 401 2164 469; baseline -0.008 -2"><span class='ocrx_word' id='word_1_1' title='bbox 571 404 700 469; x_wconf 89' lang='grc'>184</span> <span class='ocrx_word' id='word_1_2' title='bbox 1273 401 1327 455; x_wconf 83' lang='grc' dir='ltr'>Ο.</span> <span class='ocrx_word' id='word_1_3' title='bbox 1370 401 1683 455; x_wconf 84' lang='lat' dir='ltr'>SVETONI</span> <span class='ocrx_word' id='word_1_4' title='bbox 1720 401 2164 466; x_wconf 83' lang='lat' dir='ltr'><strong>TRANQVILLI</strong></span> 
     </span>
    </p>
   </div>
   <div class='ocr_carea' id='block_1_2' title="bbox 471 564 2973 3423">
    <p class='ocr_par' dir='ltr' id='par_1_2' title="bbox 570 564 2951 1395">
     <span class='ocr_line' id='line_1_2' title="bbox 571 564 2868 650; baseline -0.002 -20"><span class='ocrx_word' id='word_1_5' title='bbox 571 566 743 650; x_wconf 92' lang='lat' dir='ltr'>quod</span> <span class='ocrx_word' id='word_1_6' title='bbox 798 565 1037 630; x_wconf 90' lang='lat' dir='ltr'>multos</span> <span class='ocrx_word' id='word_1_7' title='bbox 1092 566 1219 629; x_wconf 89' lang='lat' dir='ltr'>iam</span> <span class='ocrx_word' id='word_1_8' title='bbox 1276 587 1476 629; x_wconf 88' lang='lat' dir='ltr'>annos</span> <span class='ocrx_word' id='word_1_9' title='bbox 1533 570 1866 648; x_wconf 90' lang='lat' dir='ltr'>poteretur</span> <span class='ocrx_word' id='word_1_10' title='bbox 1912 566 2289 648; x_wconf 85' lang='lat' dir='ltr'>sacerdotio,</span> <span class='ocrx_word' id='word_1_11' title='bbox 2339 565 2716 628; x_wconf 87' lang='lat' dir='ltr'>ualidiorem</span> <span class='ocrx_word' id='word_1_12' title='bbox 2765 564 2868 627; x_wconf 88' lang='lat' dir='ltr'>ad-</span> 
     </span>
     <span class='ocr_line' id='line_1_3' title="bbox 570 671 2867 755; baseline -0.001 -18"><span class='ocrx_word' id='word_1_13' title='bbox 570 674 923 738; x_wconf 88' lang='lat' dir='ltr'>uersarium</span> <span class='ocrx_word' id='word_1_14' title='bbox 991 672 1384 735; x_wconf 85' lang='lat' dir='ltr'>subornauit.</span> <span class='ocrx_word' id='word_1_15' title='bbox 1485 692 1630 735; x_wconf 91' lang='lat' dir='ltr'>cum</span> <span class='ocrx_word' id='word_1_16' title='bbox 1697 673 1974 755; x_wconf 88' lang='lat' dir='ltr'>quodam</span> <span class='ocrx_word' id='word_1_17' title='bbox 2040 671 2141 735; x_wconf 91' lang='lat' dir='ltr'>die</span> <span class='ocrx_word' id='word_1_18' title='bbox 2205 672 2488 735; x_wconf 89' lang='lat' dir='ltr'>muneris</span> <span class='ocrx_word' id='word_1_19' title='bbox 2552 671 2867 735; x_wconf 80' lang='lat' dir='ltr'>essedario</span> 
     </span>
     <span class='ocr_line' id='line_1_4' title="bbox 571 777 2871 863; baseline -0.001 -20"><span class='ocrx_word' id='word_1_20' title='bbox 571 780 764 845; x_wconf 90' lang='lat' dir='ltr'>Porio</span> <span class='ocrx_word' id='word_1_21' title='bbox 825 784 974 862; x_wconf 92' lang='lat' dir='ltr'>post</span> <span class='ocrx_word' id='word_1_22' title='bbox 1041 800 1413 862; x_wconf 83' lang='lat' dir='ltr'>prosperam</span> <span class='ocrx_word' id='word_1_23' title='bbox 1474 800 1759 863; x_wconf 88' lang='lat' dir='ltr'>pugnam</span> <span class='ocrx_word' id='word_1_24' title='bbox 1830 801 2085 843; x_wconf 91' lang='lat' dir='ltr'>seruum</span> <span class='ocrx_word' id='word_1_25' title='bbox 2146 801 2332 843; x_wconf 90' lang='lat' dir='ltr'>suum</span> <span class='ocrx_word' id='word_1_26' title='bbox 2392 777 2871 842; x_wconf 75' lang='lat' dir='ltr'>manumittenti</span> 
     </span>
     <span class='ocr_line' id='line_1_5' title="bbox 573 883 2871 969; baseline -0.002 -19"><span class='ocrx_word' id='word_1_27' title='bbox 573 886 925 951; x_wconf 78' lang='lat' dir='ltr'>studiosius</span> <span class='ocrx_word' id='word_1_28' title='bbox 970 884 1268 968; x_wconf 82' lang='lat' dir='ltr'><strong>plausum</strong></span> <span class='ocrx_word' id='word_1_29' title='bbox 1317 888 1503 968; x_wconf 85' lang='lat' dir='ltr'>esset,</span> <span class='ocrx_word' id='word_1_30' title='bbox 1551 884 1642 948; x_wconf 87' lang='lat' dir='ltr'>ita</span> <span class='ocrx_word' id='word_1_31' title='bbox 1688 885 2013 969; x_wconf 76' lang='lat' dir='ltr'>proripuit</span> <span class='ocrx_word' id='word_1_32' title='bbox 2060 907 2127 949; x_wconf 92' lang='lat' dir='ltr'>se</span> <span class='ocrx_word' id='word_1_33' title='bbox 2173 884 2583 968; x_wconf 86' lang='lat' dir='ltr'>spectaculis,</span> <span class='ocrx_word' id='word_1_34' title='bbox 2627 888 2702 947; x_wconf 93' lang='lat' dir='ltr'>ut</span> <span class='ocrx_word' id='word_1_35' title='bbox 2748 883 2871 948; x_wconf 81' lang='lat' dir='ltr'>cal-</span> 
     </span>
     <span class='ocr_line' id='line_1_6' title="bbox 572 989 2951 1078; baseline -0.001 -21"><span class='ocrx_word' id='word_1_36' title='bbox 572 998 714 1057; x_wconf 89' lang='lat' dir='ltr'>cata</span> <span class='ocrx_word' id='word_1_37' title='bbox 759 992 995 1056; x_wconf 85' lang='lat' dir='ltr'>lacinia</span> <span class='ocrx_word' id='word_1_38' title='bbox 1041 997 1231 1076; x_wconf 89' lang='lat' dir='ltr'>togae</span> <span class='ocrx_word' id='word_1_39' title='bbox 1276 1012 1579 1075; x_wconf 89' lang='lat' dir='ltr'>praeceps</span> <span class='ocrx_word' id='word_1_40' title='bbox 1625 1013 1742 1074; x_wconf 92' lang='lat' dir='ltr'>per</span> <span class='ocrx_word' id='word_1_41' title='bbox 1776 993 2015 1078; x_wconf 87' lang='lat' dir='ltr'>gradus</span> <span class='ocrx_word' id='word_1_42' title='bbox 2052 991 2195 1075; x_wconf 84' lang='lat' dir='ltr'>iret,</span> <span class='ocrx_word' id='word_1_43' title='bbox 2240 989 2762 1077; x_wconf 84' lang='lat' dir='ltr'>indignabundus</span> <span class='ocrx_word' id='word_1_44' title='bbox 2808 995 2873 1054; x_wconf 93' lang='lat' dir='ltr'>et</span> <span class='ocrx_word' id='word_1_45' title='bbox 2927 1015 2951 1055; x_wconf 83' lang='lat'><strong>5</strong></span> 
     </span>
     <span class='ocr_line' id='line_1_7' title="bbox 574 1096 2872 1183; baseline -0.001 -20"><span class='ocrx_word' id='word_1_46' title='bbox 574 1097 908 1163; x_wconf 88' lang='lat' dir='ltr'>clamitans</span> <span class='ocrx_word' id='word_1_47' title='bbox 957 1098 1339 1163; x_wconf 88' lang='lat' dir='ltr'>dominum</span> <span class='ocrx_word' id='word_1_48' title='bbox 1385 1096 1731 1183; x_wconf 89' lang='lat' dir='ltr'>gentium</span> <span class='ocrx_word' id='word_1_49' title='bbox 1777 1099 2144 1182; x_wconf 91' lang='lat' dir='ltr'>populum</span> <span class='ocrx_word' id='word_1_50' title='bbox 2203 1119 2289 1161; x_wconf 86' lang='lat' dir='ltr'>ex</span> <span class='ocrx_word' id='word_1_51' title='bbox 2349 1121 2426 1162; x_wconf 92' lang='lat' dir='ltr'>re</span> <span class='ocrx_word' id='word_1_52' title='bbox 2471 1098 2872 1162; x_wconf 89' lang='lat' dir='ltr'>leuissima</span> 
     </span>
     <span class='ocr_line' id='line_1_8' title="bbox 573 1204 2872 1290; baseline -0.001 -21"><span class='ocrx_word' id='word_1_53' title='bbox 573 1205 747 1289; x_wconf 89' lang='lat' dir='ltr'>plus</span> <span class='ocrx_word' id='word_1_54' title='bbox 793 1205 1112 1270; x_wconf 81' lang='lat' dir='ltr'>honoris</span> <span class='ocrx_word' id='word_1_55' title='bbox 1150 1204 1574 1290; x_wconf 83' lang='lat' dir='ltr'>gladiatori</span> <span class='ocrx_word' id='word_1_56' title='bbox 1620 1205 2086 1269; x_wconf 89' lang='lat' dir='ltr'>tribuentem</span> <span class='ocrx_word' id='word_1_57' title='bbox 2140 1227 2359 1288; x_wconf 88' lang='lat' dir='ltr'>quam</span> <span class='ocrx_word' id='word_1_58' title='bbox 2398 1205 2872 1269; x_wconf 90' lang='lat' dir='ltr'>consecratis</span> 
     </span>
     <span class='ocr_line' id='line_1_9' title="bbox 574 1311 1895 1395; baseline 0 -18"><span class='ocrx_word' id='word_1_59' title='bbox 574 1312 1062 1395; x_wconf 88' lang='lat' dir='ltr'>principibus</span> <span class='ocrx_word' id='word_1_60' title='bbox 1112 1316 1239 1375; x_wconf 91' lang='lat' dir='ltr'>aut</span> <span class='ocrx_word' id='word_1_61' title='bbox 1284 1311 1679 1395; x_wconf 87' lang='lat' dir='ltr'>praesenti</span> <span class='ocrx_word' id='word_1_62' title='bbox 1728 1311 1895 1377; x_wconf 90' lang='lat' dir='ltr'>sibi.</span> 
     </span>
    </p>

    <p class='ocr_par' dir='ltr' id='par_1_3' title="bbox 471 1416 2958 2035">
     <span class='ocr_line' id='line_1_10' title="bbox 471 1416 2875 1502; baseline -0.002 -19"><span class='ocrx_word' id='word_1_63' title='bbox 471 1417 563 1483; x_wconf 85' lang='lat'>36</span> <span class='ocrx_word' id='word_1_64' title='bbox 760 1417 1118 1483; x_wconf 83' lang='lat' dir='ltr'>Pudicitiae</span> <span class='ocrx_word' id='word_1_65' title='bbox 1154 1420 1403 1502; x_wconf 85' lang='lat' dir='ltr'>&lt;neque</span> <span class='ocrx_word' id='word_1_66' title='bbox 1440 1419 1635 1500; x_wconf 85' lang='lat' dir='ltr'>suae&gt;</span> <span class='ocrx_word' id='word_1_67' title='bbox 1671 1440 1878 1502; x_wconf 88' lang='lat' dir='ltr'>neque</span> <span class='ocrx_word' id='word_1_68' title='bbox 1916 1418 2157 1483; x_wconf 89' lang='lat' dir='ltr'>alienae</span> <span class='ocrx_word' id='word_1_69' title='bbox 2194 1418 2497 1501; x_wconf 80' lang='lat' dir='ltr'>pepercit.</span> <span class='ocrx_word' id='word_1_70' title='bbox 2579 1417 2662 1480; x_wconf 88' lang='lat' dir='ltr'>M.</span> <span class='ocrx_word' id='word_1_71' title='bbox 2692 1416 2875 1499; x_wconf 87' lang='lat' dir='ltr'>Lepi-</span> 
     </span>
     <span class='ocr_line' id='line_1_11' title="bbox 578 1523 2958 1609; baseline -0.001 -20"><span class='ocrx_word' id='word_1_72' title='bbox 578 1527 748 1608; x_wconf 86' lang='lat' dir='ltr'>dum,</span> <span class='ocrx_word' id='word_1_73' title='bbox 821 1525 1209 1590; x_wconf 85' lang='lat' dir='ltr'>Mnesterem</span> <span class='ocrx_word' id='word_1_74' title='bbox 1281 1524 1783 1609; x_wconf 83' lang='lat' dir='ltr'>pantomimum,</span> <span class='ocrx_word' id='word_1_75' title='bbox 1865 1525 2173 1608; x_wconf 86' lang='lat' dir='ltr'>quosdam</span> <span class='ocrx_word' id='word_1_76' title='bbox 2251 1523 2504 1587; x_wconf 89' lang='lat' dir='ltr'>obsides</span> <span class='ocrx_word' id='word_1_77' title='bbox 2580 1524 2876 1588; x_wconf 81' lang='lat' dir='ltr'>dilexisse</span> <span class='ocrx_word' id='word_1_78' title='bbox 2906 1548 2958 1587; x_wconf 79' lang='grc' dir='ltr'>ιο</span> 
     </span>
     <span class='ocr_line' id='line_1_12' title="bbox 576 1628 2878 1714; baseline -0.002 -18"><span class='ocrx_word' id='word_1_79' title='bbox 576 1633 784 1696; x_wconf 87' lang='lat' dir='ltr'>fertur</span> <span class='ocrx_word' id='word_1_80' title='bbox 838 1629 1220 1695; x_wconf 91' lang='lat' dir='ltr'>commercio</span> <span class='ocrx_word' id='word_1_81' title='bbox 1276 1631 1486 1694; x_wconf 91' lang='lat' dir='ltr'>mutui</span> <span class='ocrx_word' id='word_1_82' title='bbox 1543 1630 1768 1714; x_wconf 87' lang='lat' dir='ltr'>stupri.</span> <span class='ocrx_word' id='word_1_83' title='bbox 1851 1630 2148 1694; x_wconf 90' lang='lat' dir='ltr'>Valerius</span> <span class='ocrx_word' id='word_1_84' title='bbox 2196 1628 2484 1694; x_wconf 85' lang='lat' dir='ltr'>Catullus</span> <span class='ocrx_word' id='word_1_85' title='bbox 2493 1681 2511 1713; x_wconf 82' lang='grc'>,</span> <span class='ocrx_word' id='word_1_86' title='bbox 2559 1628 2878 1694; x_wconf 89' lang='lat' dir='ltr'>consulari</span> 
     </span>
     <span class='ocr_line' id='line_1_13' title="bbox 577 1737 2877 1821; baseline -0.001 -19"><span class='ocrx_word' id='word_1_87' title='bbox 577 1738 825 1803; x_wconf 83' lang='lat' dir='ltr'>familia</span> <span class='ocrx_word' id='word_1_88' title='bbox 885 1738 1163 1820; x_wconf 87' lang='lat' dir='ltr'>iuuenis,</span> <span class='ocrx_word' id='word_1_89' title='bbox 1228 1741 1597 1821; x_wconf 86' lang='lat' dir='ltr'>stupratum</span> <span class='ocrx_word' id='word_1_90' title='bbox 1659 1760 1697 1800; x_wconf 89' lang='lat' dir='ltr'>a</span> <span class='ocrx_word' id='word_1_91' title='bbox 1759 1758 1827 1801; x_wconf 91' lang='lat' dir='ltr'>se</span> <span class='ocrx_word' id='word_1_92' title='bbox 1886 1759 1962 1802; x_wconf 86' lang='lat' dir='ltr'>ac</span> <span class='ocrx_word' id='word_1_93' title='bbox 2021 1738 2223 1801; x_wconf 87' lang='lat' dir='ltr'>latera</span> <span class='ocrx_word' id='word_1_94' title='bbox 2278 1738 2403 1801; x_wconf 91' lang='lat' dir='ltr'>sibi</span> <span class='ocrx_word' id='word_1_95' title='bbox 2460 1737 2877 1801; x_wconf 89' lang='lat' dir='ltr'>contubernio</span> 
     </span>
     <span class='ocr_line' id='line_1_14' title="bbox 579 1844 2881 1928; baseline -0.002 -18"><span class='ocrx_word' id='word_1_96' title='bbox 579 1846 718 1910; x_wconf 87' lang='lat' dir='ltr'>eius</span> <span class='ocrx_word' id='word_1_97' title='bbox 765 1845 1013 1909; x_wconf 87' lang='lat' dir='ltr'>defessa</span> <span class='ocrx_word' id='word_1_98' title='bbox 1059 1846 1254 1909; x_wconf 85' lang='lat' dir='ltr'>etiam</span> <span class='ocrx_word' id='word_1_99' title='bbox 1300 1844 1694 1908; x_wconf 83' lang='lat' dir='ltr'>uociferatus</span> <span class='ocrx_word' id='word_1_100' title='bbox 1741 1848 1853 1909; x_wconf 89' lang='lat' dir='ltr'>est.</span> <span class='ocrx_word' id='word_1_101' title='bbox 1937 1866 2129 1928; x_wconf 89' lang='lat' dir='ltr'>super</span> <span class='ocrx_word' id='word_1_102' title='bbox 2185 1865 2479 1908; x_wconf 88' lang='lat' dir='ltr'>sororum</span> <span class='ocrx_word' id='word_1_103' title='bbox 2528 1845 2774 1908; x_wconf 88' lang='lat' dir='ltr'>incesta</span> <span class='ocrx_word' id='word_1_104' title='bbox 2819 1848 2881 1906; x_wconf 92' lang='lat' dir='ltr'>et</span> 
     </span>
     <span class='ocr_line' id='line_1_15' title="bbox 581 1950 2883 2035; baseline -0.001 -19"><span class='ocrx_word' id='word_1_105' title='bbox 581 1952 989 2017; x_wconf 88' lang='lat' dir='ltr'>notissimum</span> <span class='ocrx_word' id='word_1_106' title='bbox 1049 1950 1436 2035; x_wconf 87' lang='lat' dir='ltr'>prostitutae</span> <span class='ocrx_word' id='word_1_107' title='bbox 1499 1950 1845 2034; x_wconf 79' lang='lat' dir='ltr'>Pyrallidis</span> <span class='ocrx_word' id='word_1_108' title='bbox 1912 1972 2195 2014; x_wconf 88' lang='lat' dir='ltr'>amorem</span> <span class='ocrx_word' id='word_1_109' title='bbox 2257 1972 2390 2014; x_wconf 90' lang='lat' dir='ltr'>non</span> <span class='ocrx_word' id='word_1_110' title='bbox 2448 1954 2687 2014; x_wconf 90' lang='lat' dir='ltr'>temere</span> <span class='ocrx_word' id='word_1_111' title='bbox 2751 1950 2883 2013; x_wconf 90' lang='lat' dir='ltr'>ulla</span> 
     </span>
    </p>

    <p class='ocr_par' dir='ltr' id='par_1_4' title="bbox 509 2045 2967 2995">
     <span class='ocr_line' id='line_1_16' title="bbox 509 2045 2962 2141; baseline -0 -20"><span class='ocrx_word' id='word_1_112' title='bbox 509 2076 540 2121; x_wconf 84' lang='grc'>2</span> <span class='ocrx_word' id='word_1_113' title='bbox 582 2060 955 2125; x_wconf 89' lang='lat' dir='ltr'>inlustriore</span> <span class='ocrx_word' id='word_1_114' title='bbox 999 2058 1240 2122; x_wconf 87' lang='lat' dir='ltr'>femina</span> <span class='ocrx_word' id='word_1_115' title='bbox 1285 2056 1615 2122; x_wconf 85' lang='lat' dir='ltr'>abstinuit.</span> <span class='ocrx_word' id='word_1_116' title='bbox 1700 2079 1861 2140; x_wconf 88' lang='lat' dir='ltr'>quas</span> <span class='ocrx_word' id='word_1_117' title='bbox 1907 2058 2284 2141; x_wconf 90' lang='lat' dir='ltr'>plerumque</span> <span class='ocrx_word' id='word_1_118' title='bbox 2333 2045 2478 2121; x_wconf 90' lang='lat' dir='ltr'>cum</span> <span class='ocrx_word' id='word_1_119' title='bbox 2518 2057 2766 2121; x_wconf 88' lang='lat' dir='ltr'>maritis</span> <span class='ocrx_word' id='word_1_120' title='bbox 2804 2057 2883 2119; x_wconf 93' lang='lat' dir='ltr'>ad</span> <span class='ocrx_word' id='word_1_121' title='bbox 2914 2080 2962 2120; x_wconf 66' lang='grc' dir='ltr'>ιε</span> 
     </span>
     <span class='ocr_line' id='line_1_17' title="bbox 584 2163 2884 2249; baseline -0.003 -16"><span class='ocrx_word' id='word_1_122' title='bbox 584 2190 801 2233; x_wconf 89' lang='lat' dir='ltr'>cenam</span> <span class='ocrx_word' id='word_1_123' title='bbox 864 2170 1126 2233; x_wconf 86' lang='lat' dir='ltr'>uocatas</span> <span class='ocrx_word' id='word_1_124' title='bbox 1190 2169 1569 2248; x_wconf 84' lang='lat' dir='ltr'>praeterque</span> <span class='ocrx_word' id='word_1_125' title='bbox 1627 2164 1821 2247; x_wconf 91' lang='lat' dir='ltr'>pedes</span> <span class='ocrx_word' id='word_1_126' title='bbox 1888 2185 2039 2227; x_wconf 89' lang='lat' dir='ltr'>suos</span> <span class='ocrx_word' id='word_1_127' title='bbox 2095 2163 2484 2227; x_wconf 89' lang='lat' dir='ltr'>transeuntis</span> <span class='ocrx_word' id='word_1_128' title='bbox 2542 2163 2884 2249; x_wconf 88' lang='lat' dir='ltr'>diligenter</span> 
     </span>
     <span class='ocr_line' id='line_1_18' title="bbox 562 2269 2884 2353; baseline -0.002 -14"><span class='ocrx_word' id='word_1_129' title='bbox 562 2296 658 2339; x_wconf 58' lang='lat' dir='ltr'>‘ac</span> <span class='ocrx_word' id='word_1_130' title='bbox 702 2275 874 2338; x_wconf 88' lang='lat' dir='ltr'>lente</span> <span class='ocrx_word' id='word_1_131' title='bbox 930 2271 1353 2336; x_wconf 84' lang='lat' dir='ltr'>mercantium</span> <span class='ocrx_word' id='word_1_132' title='bbox 1407 2292 1586 2334; x_wconf 90' lang='lat' dir='ltr'>more</span> <span class='ocrx_word' id='word_1_133' title='bbox 1642 2269 2113 2353; x_wconf 80' lang='lat' dir='ltr'>considerabat,</span> <span class='ocrx_word' id='word_1_134' title='bbox 2168 2270 2363 2334; x_wconf 90' lang='lat' dir='ltr'>etiam</span> <span class='ocrx_word' id='word_1_135' title='bbox 2413 2270 2645 2334; x_wconf 88' lang='lat' dir='ltr'>faciem</span> <span class='ocrx_word' id='word_1_136' title='bbox 2691 2293 2884 2334; x_wconf 91' lang='lat' dir='ltr'>manu</span> 
     </span>
     <span class='ocr_line' id='line_1_19' title="bbox 585 2376 2884 2463; baseline -0.002 -18"><span class='ocrx_word' id='word_1_137' title='bbox 585 2380 916 2463; x_wconf 76' lang='lat' dir='ltr'>adleuan8‚</span> <span class='ocrx_word' id='word_1_138' title='bbox 978 2379 1034 2442; x_wconf 89' lang='lat' dir='ltr'>si</span> <span class='ocrx_word' id='word_1_139' title='bbox 1096 2399 1259 2462; x_wconf 87' lang='lat' dir='ltr'>quae</span> <span class='ocrx_word' id='word_1_140' title='bbox 1319 2377 1562 2461; x_wconf 90' lang='lat' dir='ltr'>pudore</span> <span class='ocrx_word' id='word_1_141' title='bbox 1622 2376 2106 2462; x_wconf 80' lang='lat' dir='ltr'>submitterent3</span> <span class='ocrx_word' id='word_1_142' title='bbox 2171 2378 2467 2460; x_wconf 90' lang='lat' dir='ltr'>quotiens</span> <span class='ocrx_word' id='word_1_143' title='bbox 2529 2377 2755 2441; x_wconf 91' lang='lat' dir='ltr'>deinde</span> <span class='ocrx_word' id='word_1_144' title='bbox 2814 2377 2884 2441; x_wconf 91' lang='lat' dir='ltr'>li-</span> 
     </span>
     <span class='ocr_line' id='line_1_20' title="bbox 584 2482 2886 2570; baseline -0.001 -19"><span class='ocrx_word' id='word_1_145' title='bbox 584 2486 832 2551; x_wconf 91' lang='lat' dir='ltr'>buisset</span> <span class='ocrx_word' id='word_1_146' title='bbox 886 2506 1181 2570; x_wconf 86' lang='lat' dir='ltr'>egressus</span> <span class='ocrx_word' id='word_1_147' title='bbox 1238 2485 1548 2567; x_wconf 87' lang='lat' dir='ltr'>triclinio,</span> <span class='ocrx_word' id='word_1_148' title='bbox 1615 2505 1761 2548; x_wconf 91' lang='lat' dir='ltr'>cum</span> <span class='ocrx_word' id='word_1_149' title='bbox 1817 2482 2092 2547; x_wconf 84' lang='lat' dir='ltr'>maxime</span> <span class='ocrx_word' id='word_1_150' title='bbox 2146 2484 2450 2567; x_wconf 89' lang='lat' dir='ltr'>placitam</span> <span class='ocrx_word' id='word_1_151' title='bbox 2505 2489 2886 2566; x_wconf 86' lang='lat' dir='ltr'>seuocasset‚</span> 
     </span>
     <span class='ocr_line' id='line_1_21' title="bbox 585 2589 2967 2677; baseline -0.002 -21"><span class='ocrx_word' id='word_1_152' title='bbox 585 2593 780 2677; x_wconf 87' lang='lat' dir='ltr'>paulo</span> <span class='ocrx_word' id='word_1_153' title='bbox 829 2596 979 2676; x_wconf 90' lang='lat' dir='ltr'>post</span> <span class='ocrx_word' id='word_1_154' title='bbox 1024 2591 1389 2656; x_wconf 89' lang='lat' dir='ltr'>recentibus</span> <span class='ocrx_word' id='word_1_155' title='bbox 1438 2589 1646 2653; x_wconf 88' lang='lat' dir='ltr'>adhuc</span> <span class='ocrx_word' id='word_1_156' title='bbox 1691 2591 1995 2654; x_wconf 87' lang='lat' dir='ltr'>lasciuiae</span> <span class='ocrx_word' id='word_1_157' title='bbox 2041 2592 2213 2653; x_wconf 90' lang='lat' dir='ltr'>notis</span> <span class='ocrx_word' id='word_1_158' title='bbox 2259 2612 2555 2654; x_wconf 88' lang='lat' dir='ltr'>reuersus</span> <span class='ocrx_word' id='word_1_159' title='bbox 2602 2592 2710 2655; x_wconf 90' lang='lat' dir='ltr'>uel</span> <span class='ocrx_word' id='word_1_160' title='bbox 2753 2593 2886 2655; x_wconf 93' lang='lat' dir='ltr'>lau-</span> <span class='ocrx_word' id='word_1_161' title='bbox 2915 2613 2967 2651; x_wconf 77' lang='lat'>20</span> 
     </span>
     <span class='ocr_line' id='line_1_22' title="bbox 589 2696 2889 2783; baseline -0 -20"><span class='ocrx_word' id='word_1_162' title='bbox 589 2700 780 2763; x_wconf 88' lang='lat' dir='ltr'>dabat</span> <span class='ocrx_word' id='word_1_163' title='bbox 818 2700 1032 2783; x_wconf 88' lang='lat' dir='ltr'>palam</span> <span class='ocrx_word' id='word_1_164' title='bbox 1069 2700 1176 2763; x_wconf 90' lang='lat' dir='ltr'>uel</span> <span class='ocrx_word' id='word_1_165' title='bbox 1220 2697 1650 2780; x_wconf 86' lang='lat' dir='ltr'>uituperabat,</span> <span class='ocrx_word' id='word_1_166' title='bbox 1699 2696 1955 2782; x_wconf 88' lang='lat' dir='ltr'>singula</span> <span class='ocrx_word' id='word_1_167' title='bbox 2001 2719 2378 2760; x_wconf 88' lang='lat' dir='ltr'>enumerans</span> <span class='ocrx_word' id='word_1_168' title='bbox 2425 2698 2594 2762; x_wconf 85' lang='lat' dir='ltr'>bona</span> <span class='ocrx_word' id='word_1_169' title='bbox 2640 2699 2889 2762; x_wconf 88' lang='lat' dir='ltr'>malaue</span> 
     </span>
     <span class='ocr_line' id='line_1_23' title="bbox 590 2803 2888 2890; baseline -0.001 -19"><span class='ocrx_word' id='word_1_170' title='bbox 590 2806 876 2890; x_wconf 90' lang='lat' dir='ltr'>corporis</span> <span class='ocrx_word' id='word_1_171' title='bbox 932 2809 1123 2888; x_wconf 90' lang='lat' dir='ltr'>atque</span> <span class='ocrx_word' id='word_1_172' title='bbox 1181 2803 1579 2869; x_wconf 90' lang='lat' dir='ltr'>concubitus.</span> <span class='ocrx_word' id='word_1_173' title='bbox 1666 2804 2049 2886; x_wconf 87' lang='lat' dir='ltr'>quibusdam</span> <span class='ocrx_word' id='word_1_174' title='bbox 2106 2804 2467 2867; x_wconf 88' lang='lat' dir='ltr'>absentium</span> <span class='ocrx_word' id='word_1_175' title='bbox 2513 2806 2888 2870; x_wconf 89' lang='lat' dir='ltr'>maritorum</span> 
     </span>
     <span class='ocr_line' id='line_1_24' title="bbox 591 2909 2729 2995; baseline -0.001 -18"><span class='ocrx_word' id='word_1_176' title='bbox 591 2914 850 2977; x_wconf 91' lang='lat' dir='ltr'>nomine</span> <span class='ocrx_word' id='word_1_177' title='bbox 895 2911 1234 2995; x_wconf 90' lang='lat' dir='ltr'>repudium</span> <span class='ocrx_word' id='word_1_178' title='bbox 1282 2913 1420 2995; x_wconf 89' lang='lat' dir='ltr'>ipse</span> <span class='ocrx_word' id='word_1_179' title='bbox 1466 2909 1643 2974; x_wconf 91' lang='lat' dir='ltr'>misit</span> <span class='ocrx_word' id='word_1_180' title='bbox 1690 2909 2005 2993; x_wconf 89' lang='lat' dir='ltr'>iussitque</span> <span class='ocrx_word' id='word_1_181' title='bbox 2052 2910 2120 2973; x_wconf 88' lang='lat' dir='ltr'>in</span> <span class='ocrx_word' id='word_1_182' title='bbox 2166 2913 2309 2974; x_wconf 90' lang='lat' dir='ltr'>acta</span> <span class='ocrx_word' id='word_1_183' title='bbox 2355 2912 2446 2974; x_wconf 91' lang='lat' dir='ltr'>ita</span> <span class='ocrx_word' id='word_1_184' title='bbox 2490 2911 2729 2975; x_wconf 88' lang='lat' dir='ltr'>referri.</span> 
     </span>
    </p>

    <p class='ocr_par' dir='ltr' id='par_1_5' title="bbox 486 3014 2973 3423">
     <span class='ocr_line' id='line_1_25' title="bbox 486 3014 2892 3103; baseline 0.002 -25"><span class='ocrx_word' id='word_1_185' title='bbox 486 3014 575 3079; x_wconf 80' lang='lat'>37</span> <span class='ocrx_word' id='word_1_186' title='bbox 773 3018 1140 3102; x_wconf 90' lang='lat' dir='ltr'>Nepotatus</span> <span class='ocrx_word' id='word_1_187' title='bbox 1187 3017 1550 3101; x_wconf 90' lang='lat' dir='ltr'>sumptibus</span> <span class='ocrx_word' id='word_1_188' title='bbox 1607 3019 1895 3080; x_wconf 88' lang='lat' dir='ltr'>omnium</span> <span class='ocrx_word' id='word_1_189' title='bbox 1941 3017 2359 3100; x_wconf 86' lang='lat' dir='ltr'>prodigorum</span> <span class='ocrx_word' id='word_1_190' title='bbox 2408 3018 2666 3103; x_wconf 83' lang='lat' dir='ltr'>ingenia</span> <span class='ocrx_word' id='word_1_191' title='bbox 2712 3041 2892 3101; x_wconf 89' lang='lat' dir='ltr'>supe-</span> 
     </span>
     <span class='ocr_line' id='line_1_26' title="bbox 593 3124 2973 3209; baseline -0.003 -18"><span class='ocrx_word' id='word_1_192' title='bbox 593 3125 781 3209; x_wconf 74' lang='lat' dir='ltr'>rauit,</span> <span class='ocrx_word' id='word_1_193' title='bbox 846 3129 1245 3191; x_wconf 88' lang='lat' dir='ltr'>commentus</span> <span class='ocrx_word' id='word_1_194' title='bbox 1307 3146 1551 3188; x_wconf 89' lang='lat' dir='ltr'>nouum</span> <span class='ocrx_word' id='word_1_195' title='bbox 1610 3124 1985 3187; x_wconf 88' lang='lat' dir='ltr'>balnearum</span> <span class='ocrx_word' id='word_1_196' title='bbox 2050 3145 2264 3204; x_wconf 87' lang='lat' dir='ltr'>usum,</span> <span class='ocrx_word' id='word_1_197' title='bbox 2333 3125 2892 3207; x_wconf 89' lang='lat' dir='ltr'>portentosissima</span> <span class='ocrx_word' id='word_1_198' title='bbox 2921 3144 2973 3185; x_wconf 75' lang='lat'>25</span> 
     </span>
     <span class='ocr_line' id='line_1_27' title="bbox 594 3229 2893 3320; baseline -0.002 -22"><span class='ocrx_word' id='word_1_199' title='bbox 594 3256 831 3320; x_wconf 88' lang='lat' dir='ltr'>genera</span> <span class='ocrx_word' id='word_1_200' title='bbox 877 3232 1165 3296; x_wconf 90' lang='lat' dir='ltr'>ciborum</span> <span class='ocrx_word' id='word_1_201' title='bbox 1212 3236 1404 3314; x_wconf 89' lang='lat' dir='ltr'>atque</span> <span class='ocrx_word' id='word_1_202' title='bbox 1453 3252 1772 3314; x_wconf 81' lang='lat' dir='ltr'>cenarum,</span> <span class='ocrx_word' id='word_1_203' title='bbox 1818 3234 1893 3293; x_wconf 92' lang='lat' dir='ltr'>ut</span> <span class='ocrx_word' id='word_1_204' title='bbox 1929 3229 2150 3293; x_wconf 89' lang='lat' dir='ltr'>calidis</span> <span class='ocrx_word' id='word_1_205' title='bbox 2189 3229 2569 3314; x_wconf 85' lang='lat' dir='ltr'>frigidisque</span> <span class='ocrx_word' id='word_1_206' title='bbox 2607 3253 2893 3317; x_wconf 88' lang='lat' dir='ltr'>unguen-</span> 
     </span>
     <span class='ocr_line' id='line_1_28' title="bbox 594 3337 2894 3423; baseline -0.001 -19"><span class='ocrx_word' id='word_1_207' title='bbox 594 3340 680 3404; x_wconf 91' lang='lat' dir='ltr'>tis</span> <span class='ocrx_word' id='word_1_208' title='bbox 714 3340 1059 3423; x_wconf 85' lang='lat' dir='ltr'>lauaretur‚</span> <span class='ocrx_word' id='word_1_209' title='bbox 1095 3337 1562 3422; x_wconf 89' lang='lat' dir='ltr'>pretiosissima</span> <span class='ocrx_word' id='word_1_210' title='bbox 1601 3338 1950 3421; x_wconf 88' lang='lat' dir='ltr'>margarita</span> <span class='ocrx_word' id='word_1_211' title='bbox 1987 3340 2169 3400; x_wconf 85' lang='lat' dir='ltr'>aceto</span> <span class='ocrx_word' id='word_1_212' title='bbox 2206 3337 2556 3420; x_wconf 76' lang='lat' dir='ltr'>liquefacta</span> <span class='ocrx_word' id='word_1_213' title='bbox 2592 3338 2894 3422; x_wconf 86' lang='lat' dir='ltr'>sorberet,</span> 
     </span>
    </p>
   </div>
   <div class='ocr_carea' id='block_1_3' title="bbox 598 3460 1024 3466">
    <p class='ocr_par' dir='ltr' id='par_1_6' title="bbox 598 3460 1024 3466">
     <span class='ocr_line' id='line_1_29' title="bbox 598 3460 1024 3466; baseline 0 0"><span class='ocrx_word' id='word_1_214' title='bbox 598 3460 1024 3466; x_wconf 95' lang='lat' dir='ltr'> </span> 
     </span>
    </p>
   </div>
   <div class='ocr_carea' id='block_1_4' title="bbox 598 3502 2897 3813">
    <p class='ocr_par' dir='ltr' id='par_1_7' title="bbox 598 3502 2897 3813">
     <span class='ocr_line' id='line_1_30' title="bbox 741 3502 2895 3573; baseline -0.001 -13"><span class='ocrx_word' id='word_1_215' title='bbox 741 3514 771 3560; x_wconf 87' lang='lat'>9</span> <span class='ocrx_word' id='word_1_216' title='bbox 823 3508 1004 3560; x_wconf 70' lang='lat' dir='ltr'>Victor</span> <span class='ocrx_word' id='word_1_217' title='bbox 1034 3508 1180 3562; x_wconf 82' lang='lat' dir='ltr'>Caes.</span> <span class='ocrx_word' id='word_1_218' title='bbox 1213 3510 1263 3571; x_wconf 88' lang='lat'>5,</span> <span class='ocrx_word' id='word_1_219' title='bbox 1286 3509 1319 3559; x_wconf 90' lang='lat'><strong><em>5</em></strong></span> <span class='ocrx_word' id='word_1_220' title='bbox 1362 3520 1544 3571; x_wconf 89' lang='lat' dir='ltr'>neque</span> <span class='ocrx_word' id='word_1_221' title='bbox 1597 3518 1731 3556; x_wconf 87' lang='lat' dir='ltr'>suae</span> <span class='ocrx_word' id='word_1_222' title='bbox 1782 3519 1964 3570; x_wconf 89' lang='lat' dir='ltr'>neque</span> <span class='ocrx_word' id='word_1_223' title='bbox 2011 3502 2249 3555; x_wconf 88' lang='lat' dir='ltr'>aliorum</span> <span class='ocrx_word' id='word_1_224' title='bbox 2298 3503 2610 3571; x_wconf 73' lang='lat' dir='ltr'>pudicitiae</span> <span class='ocrx_word' id='word_1_225' title='bbox 2661 3521 2895 3573; x_wconf 87' lang='lat' dir='ltr'>parcens</span> 
     </span>
     <span class='ocr_line' id='line_1_31' title="bbox 598 3583 2897 3657; baseline -0.001 -16"><span class='ocrx_word' id='word_1_226' title='bbox 598 3589 683 3657; x_wconf 85' lang='lat' dir='ltr'>(de</span> <span class='ocrx_word' id='word_1_227' title='bbox 719 3588 955 3651; x_wconf 77' lang='lat' dir='ltr'>Nerone,</span> <span class='ocrx_word' id='word_1_228' title='bbox 993 3605 1047 3639; x_wconf 78' lang='lat' dir='ltr'>u.</span> <span class='ocrx_word' id='word_1_229' title='bbox 1079 3586 1154 3638; x_wconf 82' lang='lat' dir='ltr'>ad</span> <span class='ocrx_word' id='word_1_230' title='bbox 1182 3587 1312 3639; x_wconf 85' lang='lat' dir='ltr'>Ner.</span> <span class='ocrx_word' id='word_1_231' title='bbox 1342 3587 1437 3653; x_wconf 81' lang='lat'>29)</span> <span class='ocrx_word' id='word_1_232' title='bbox 1601 3589 1670 3635; x_wconf 88' lang='grc'>26</span> <span class='ocrx_word' id='word_1_233' title='bbox 1711 3583 1945 3650; x_wconf 77' lang='lat' dir='ltr'>Eutrop.</span> <span class='ocrx_word' id='word_1_234' title='bbox 1978 3584 2102 3636; x_wconf 89' lang='lat' dir='ltr'>VII</span> <span class='ocrx_word' id='word_1_235' title='bbox 2122 3587 2207 3648; x_wconf 78' lang='lat'>14,</span> <span class='ocrx_word' id='word_1_236' title='bbox 2232 3589 2261 3636; x_wconf 91' lang='lat'><strong><em>1</em></strong></span> <span class='ocrx_word' id='word_1_237' title='bbox 2302 3584 2383 3652; x_wconf 84' lang='lat' dir='ltr'>(de</span> <span class='ocrx_word' id='word_1_238' title='bbox 2423 3585 2658 3653; x_wconf 76' lang='lat' dir='ltr'>Nerone)</span> <span class='ocrx_word' id='word_1_239' title='bbox 2699 3588 2763 3638; x_wconf 85' lang='lat' dir='ltr'>ut</span> <span class='ocrx_word' id='word_1_240' title='bbox 2801 3586 2897 3653; x_wconf 89' lang='lat' dir='ltr'>qui</span> 
     </span>
     <span class='ocr_line' id='line_1_32' title="bbox 599 3662 2896 3736; baseline -0 -16"><span class='ocrx_word' id='word_1_241' title='bbox 599 3667 854 3736; x_wconf 86' lang='lat' dir='ltr'>exemplo</span> <span class='ocrx_word' id='word_1_242' title='bbox 884 3665 939 3719; x_wconf 89' lang='lat' dir='ltr'>C.</span> <span class='ocrx_word' id='word_1_243' title='bbox 964 3664 1252 3735; x_wconf 86' lang='lat' dir='ltr'>Caligulae</span> <span class='ocrx_word' id='word_1_244' title='bbox 1283 3665 1386 3735; x_wconf 91' lang='lat' dir='ltr'>[in]</span> <span class='ocrx_word' id='word_1_245' title='bbox 1419 3663 1618 3717; x_wconf 88' lang='lat' dir='ltr'>calidis</span> <span class='ocrx_word' id='word_1_246' title='bbox 1648 3665 1705 3716; x_wconf 88' lang='lat' dir='ltr'>et</span> <span class='ocrx_word' id='word_1_247' title='bbox 1733 3662 1955 3731; x_wconf 83' lang='lat' dir='ltr'>frigidis</span> <span class='ocrx_word' id='word_1_248' title='bbox 1984 3663 2204 3715; x_wconf 88' lang='lat' dir='ltr'>lauaret</span> <span class='ocrx_word' id='word_1_249' title='bbox 2231 3664 2533 3732; x_wconf 90' lang='lat' dir='ltr'>unguentis</span> <span class='ocrx_word' id='word_1_250' title='bbox 2565 3667 2711 3732; x_wconf 76' lang='lat' dir='ltr'>(inde</span> <span class='ocrx_word' id='word_1_251' title='bbox 2742 3666 2896 3719; x_wconf 77' lang='lat' dir='ltr'>Hier.</span> 
     </span>
     <span class='ocr_line' id='line_1_33' title="bbox 598 3744 2896 3813; baseline -0.001 -12"><span class='ocrx_word' id='word_1_252' title='bbox 598 3750 781 3802; x_wconf 69' lang='lat' dir='ltr'>chron.</span> <span class='ocrx_word' id='word_1_253' title='bbox 811 3766 860 3800; x_wconf 84' lang='lat' dir='ltr'>a.</span> <span class='ocrx_word' id='word_1_254' title='bbox 891 3750 1039 3800; x_wconf 77' lang='lat'><em>2075</em></span> <span class='ocrx_word' id='word_1_255' title='bbox 1077 3753 1126 3800; x_wconf 82' lang='lat' dir='ltr'>et</span> <span class='ocrx_word' id='word_1_256' title='bbox 1159 3747 1306 3800; x_wconf 81' lang='lat' dir='ltr'>Oros.</span> <span class='ocrx_word' id='word_1_257' title='bbox 1348 3746 1473 3798; x_wconf 93' lang='lat' dir='ltr'>VII</span> <span class='ocrx_word' id='word_1_258' title='bbox 1494 3748 1545 3809; x_wconf 85' lang='lat'>7,</span> <span class='ocrx_word' id='word_1_259' title='bbox 1567 3748 1599 3797; x_wconf 88' lang='lat'><em>3</em></span> <span class='ocrx_word' id='word_1_260' title='bbox 1645 3745 1771 3796; x_wconf 79' lang='lat' dir='ltr'>item</span> <span class='ocrx_word' id='word_1_261' title='bbox 1808 3744 1872 3795; x_wconf 85' lang='lat' dir='ltr'>de</span> <span class='ocrx_word' id='word_1_262' title='bbox 1909 3745 2141 3807; x_wconf 78' lang='lat' dir='ltr'>Nerone,</span> <span class='ocrx_word' id='word_1_263' title='bbox 2185 3744 2279 3796; x_wconf 75' lang='lat' dir='ltr'>ubi</span> <span class='ocrx_word' id='word_1_264' title='bbox 2314 3762 2413 3797; x_wconf 85' lang='lat' dir='ltr'>om.</span> <span class='ocrx_word' id='word_1_265' title='bbox 2436 3746 2773 3813; x_wconf 78' lang='lat' dir='ltr'>praepositio</span> <span class='ocrx_word' id='word_1_266' title='bbox 2801 3746 2896 3813; x_wconf 87' lang='lat' dir='ltr'>in).</span> 
     </span>
    </p>
   </div>
   <div class='ocr_carea' id='block_1_5' title="bbox 602 3851 1029 3859">
    <p class='ocr_par' dir='ltr' id='par_1_8' title="bbox 602 3851 1029 3859">
     <span class='ocr_line' id='line_1_34' title="bbox 602 3851 1029 3859; baseline 0 1350"><span class='ocrx_word' id='word_1_267' title='bbox 602 3851 1029 3859; x_wconf 95' lang='lat' dir='ltr'> </span> 
     </span>
    </p>
   </div>
   <div class='ocr_carea' id='block_1_6' title="bbox 601 3884 2905 4601">
    <p class='ocr_par' dir='ltr' id='par_1_9' title="bbox 601 3884 2905 4601">
     <span class='ocr_line' id='line_1_35' title="bbox 748 3884 2900 3959; baseline -0.001 -16"><span class='ocrx_word' id='word_1_268' title='bbox 748 3897 775 3943; x_wconf 87' lang='lat'>1</span> <span class='ocrx_word' id='word_1_269' title='bbox 805 3891 1094 3957; x_wconf 88' lang='lat' dir='ltr'>poteretur</span> <span class='ocrx_word' id='word_1_270' title='bbox 1114 3889 1336 3958; x_wconf 74' lang='lat' dir='ltr'><strong>MH¹Q‚</strong></span> <span class='ocrx_word' id='word_1_271' title='bbox 1368 3886 1543 3956; x_wconf 90' lang='lat' dir='ltr'>potir-</span> <span class='ocrx_word' id='word_1_272' title='bbox 1564 3887 1654 3939; x_wconf 84' lang='lat' dir='ltr'>rel.</span> <span class='ocrx_word' id='word_1_273' title='bbox 1769 3891 1799 3938; x_wconf 88' lang='lat'><strong>3</strong></span> <span class='ocrx_word' id='word_1_274' title='bbox 1831 3884 1992 3937; x_wconf 91' lang='lat' dir='ltr'>Porio</span> <span class='ocrx_word' id='word_1_275' title='bbox 2013 3903 2112 3939; x_wconf 84' lang='lat' dir='ltr'>om.</span> <span class='ocrx_word' id='word_1_276' title='bbox 2137 3885 2286 3954; x_wconf 69' lang='grc' dir='ltr'>ΠῙῼ,</span> <span class='ocrx_word' id='word_1_277' title='bbox 2316 3886 2457 3940; x_wconf 90' lang='lat' dir='ltr'>Poro</span> <span class='ocrx_word' id='word_1_278' title='bbox 2483 3887 2635 3941; x_wconf 84' lang='lat' dir='ltr'>Torr.</span> <span class='ocrx_word' id='word_1_279' title='bbox 2747 3888 2900 3959; x_wconf 85' lang='lat' dir='ltr'>post]</span> 
     </span>
     <span class='ocr_line' id='line_1_36' title="bbox 603 3966 2902 4040; baseline -0.002 -16"><span class='ocrx_word' id='word_1_280' title='bbox 603 3971 813 4040; x_wconf 73' lang='lat' dir='ltr'>ob,HQ</span> <span class='ocrx_word' id='word_1_281' title='bbox 842 3971 1031 4039; x_wconf 78' lang='lat' dir='ltr'>(uuly.)</span> <span class='ocrx_word' id='word_1_282' title='bbox 1177 3973 1210 4020; x_wconf 88' lang='grc'>4</span> <span class='ocrx_word' id='word_1_283' title='bbox 1249 3984 1368 4020; x_wconf 87' lang='lat' dir='ltr'>esse</span> <span class='ocrx_word' id='word_1_284' title='bbox 1401 3970 1473 4021; x_wconf 89' lang='lat' dir='ltr'><em>M</em></span> <span class='ocrx_word' id='word_1_285' title='bbox 1613 3966 1896 4034; x_wconf 88' lang='lat' dir='ltr'>proripuit</span> <span class='ocrx_word' id='word_1_286' title='bbox 1924 3982 1981 4018; x_wconf 89' lang='lat' dir='ltr'>se</span> <span class='ocrx_word' id='word_1_287' title='bbox 2011 3968 2173 4030; x_wconf 71' lang='lat' dir='ltr'>Roth,</span> <span class='ocrx_word' id='word_1_288' title='bbox 2208 3966 2488 4034; x_wconf 88' lang='lat' dir='ltr'>proripuit</span> <span class='ocrx_word' id='word_1_289' title='bbox 2519 3968 2740 4031; x_wconf 85' lang='lat' dir='ltr'><em>ML1P,</em></span> <span class='ocrx_word' id='word_1_290' title='bbox 2775 3984 2902 4036; x_wconf 91' lang='lat' dir='ltr'>pro-</span> 
     </span>
     <span class='ocr_line' id='line_1_37' title="bbox 601 4045 2902 4120; baseline -0.003 -15"><span class='ocrx_word' id='word_1_291' title='bbox 601 4051 780 4120; x_wconf 89' lang='lat' dir='ltr'>ripuit</span> <span class='ocrx_word' id='word_1_292' title='bbox 807 4068 837 4104; x_wconf 94' lang='lat' dir='ltr'>e</span> <span class='ocrx_word' id='word_1_293' title='bbox 861 4051 987 4115; x_wconf 77' lang='lat' dir='ltr'>GR,</span> <span class='ocrx_word' id='word_1_294' title='bbox 1026 4065 1083 4102; x_wconf 85' lang='lat' dir='ltr'>se</span> <span class='ocrx_word' id='word_1_295' title='bbox 1111 4048 1392 4118; x_wconf 85' lang='lat' dir='ltr'>proripuit</span> <span class='ocrx_word' id='word_1_296' title='bbox 1410 4047 1598 4112; x_wconf 78' lang='lat' dir='ltr'><strong><em>L⁸ST‚</em></strong></span> <span class='ocrx_word' id='word_1_297' title='bbox 1638 4062 1698 4099; x_wconf 88' lang='lat' dir='ltr'>se</span> <span class='ocrx_word' id='word_1_298' title='bbox 1723 4045 2003 4114; x_wconf 85' lang='lat' dir='ltr'>proripuit</span> <span class='ocrx_word' id='word_1_299' title='bbox 2033 4062 2062 4099; x_wconf 91' lang='lat' dir='ltr'>e</span> <span class='ocrx_word' id='word_1_300' title='bbox 2090 4046 2188 4114; x_wconf 73' lang='lat' dir='ltr'>HQ</span> <span class='ocrx_word' id='word_1_301' title='bbox 2217 4048 2371 4115; x_wconf 61' lang='grc' dir='ltr'><strong>(παῖς</strong></span> <span class='ocrx_word' id='word_1_302' title='bbox 2389 4048 2425 4114; x_wconf 86' lang='grc'>),</span> <span class='ocrx_word' id='word_1_303' title='bbox 2455 4047 2715 4115; x_wconf 87' lang='lat' dir='ltr'>prorupit</span> <span class='ocrx_word' id='word_1_304' title='bbox 2734 4048 2902 4101; x_wconf 70' lang='lat' dir='ltr'>Bent—</span> 
     </span>
     <span class='ocr_line' id='line_1_38' title="bbox 604 4124 2904 4201; baseline -0.001 -17"><span class='ocrx_word' id='word_1_305' title='bbox 604 4134 687 4201; x_wconf 78' lang='lat' dir='ltr'>ley</span> <span class='ocrx_word' id='word_1_306' title='bbox 870 4137 897 4182; x_wconf 81' lang='lat'>7</span> <span class='ocrx_word' id='word_1_307' title='bbox 939 4129 1185 4182; x_wconf 89' lang='lat' dir='ltr'>tribuere</span> <span class='ocrx_word' id='word_1_308' title='bbox 1224 4130 1454 4196; x_wconf 71' lang='lat' dir='ltr'>Lipsius</span> <span class='ocrx_word' id='word_1_309' title='bbox 1635 4132 1666 4178; x_wconf 87' lang='lat'>9</span> <span class='ocrx_word' id='word_1_310' title='bbox 1707 4124 1931 4197; x_wconf 86' lang='lat' dir='ltr'>&lt;neque</span> <span class='ocrx_word' id='word_1_311' title='bbox 1971 4125 2147 4197; x_wconf 89' lang='lat' dir='ltr'>suae&gt;</span> <span class='ocrx_word' id='word_1_312' title='bbox 2179 4126 2242 4177; x_wconf 91' lang='grc' dir='ltr'><em>Ν</em></span> <span class='ocrx_word' id='word_1_313' title='bbox 2250 4147 2279 4192; x_wconf 85' lang='grc' dir='ltr'><strong><em>ρ</em></strong></span> <span class='ocrx_word' id='word_1_314' title='bbox 2292 4143 2340 4192; x_wconf 85' lang='grc' dir='ltr'>ς,</span> <span class='ocrx_word' id='word_1_315' title='bbox 2388 4127 2456 4191; x_wconf 82' lang='lat' dir='ltr'>cf.</span> <span class='ocrx_word' id='word_1_316' title='bbox 2506 4129 2694 4180; x_wconf 80' lang='lat' dir='ltr'>testim.</span> <span class='ocrx_word' id='word_1_317' title='bbox 2733 4144 2904 4194; x_wconf 79' lang='lat' dir='ltr'>supra</span> 
     </span>
     <span class='ocr_line' id='line_1_39' title="bbox 608 4205 2904 4265; baseline -0.001 -2"><span class='ocrx_word' id='word_1_318' title='bbox 608 4217 673 4264; x_wconf 88' lang='lat'>16</span> <span class='ocrx_word' id='word_1_319' title='bbox 703 4212 922 4265; x_wconf 89' lang='lat' dir='ltr'>uocatis</span> <span class='ocrx_word' id='word_1_320' title='bbox 945 4214 1019 4265; x_wconf 88' lang='grc' dir='ltr'><em>Μ</em></span> <span class='ocrx_word' id='word_1_321' title='bbox 1024 4211 1041 4241; x_wconf 85' lang='lat'>¹</span> <span class='ocrx_word' id='word_1_322' title='bbox 1153 4215 1216 4261; x_wconf 81' lang='lat'>17</span> <span class='ocrx_word' id='word_1_323' title='bbox 1247 4224 1417 4261; x_wconf 89' lang='lat' dir='ltr'>manu</span> <span class='ocrx_word' id='word_1_324' title='bbox 1446 4207 1649 4260; x_wconf 88' lang='lat' dir='ltr'>faciem</span> <span class='ocrx_word' id='word_1_325' title='bbox 1675 4206 1726 4260; x_wconf 77' lang='lat' dir='ltr'><strong><em>G</em></strong></span> <span class='ocrx_word' id='word_1_326' title='bbox 1837 4212 1901 4258; x_wconf 84' lang='lat'>22</span> <span class='ocrx_word' id='word_1_327' title='bbox 1932 4205 2156 4259; x_wconf 90' lang='lat' dir='ltr'>nomine</span> <span class='ocrx_word' id='word_1_328' title='bbox 2183 4206 2513 4259; x_wconf 90' lang='lat' dir='ltr'>maritorum</span> <span class='ocrx_word' id='word_1_329' title='bbox 2537 4207 2588 4260; x_wconf 76' lang='lat' dir='ltr'><em>G</em></span> <span class='ocrx_word' id='word_1_330' title='bbox 2698 4213 2766 4260; x_wconf 82' lang='lat'>24</span> <span class='ocrx_word' id='word_1_331' title='bbox 2794 4207 2904 4260; x_wconf 90' lang='lat' dir='ltr'>Ne-</span> 
     </span>
     <span class='ocr_line' id='line_1_40' title="bbox 607 4286 2904 4360; baseline -0.002 -16"><span class='ocrx_word' id='word_1_332' title='bbox 607 4291 859 4360; x_wconf 84' lang='lat' dir='ltr'>potiatus</span> <span class='ocrx_word' id='word_1_333' title='bbox 889 4293 955 4357; x_wconf 90' lang='lat' dir='ltr'>P,</span> <span class='ocrx_word' id='word_1_334' title='bbox 994 4289 1293 4359; x_wconf 87' lang='lat' dir='ltr'>Nepotinis</span> <span class='ocrx_word' id='word_1_335' title='bbox 1322 4288 1432 4357; x_wconf 74' lang='lat' dir='ltr'>HQ</span> <span class='ocrx_word' id='word_1_336' title='bbox 1469 4293 1519 4341; x_wconf 81' lang='lat' dir='ltr'>et</span> <span class='ocrx_word' id='word_1_337' title='bbox 1561 4288 1640 4340; x_wconf 80' lang='lat' dir='ltr'>sic</span> <span class='ocrx_word' id='word_1_338' title='bbox 1669 4303 1776 4354; x_wconf 79' lang='lat' dir='ltr'>pro</span> <span class='ocrx_word' id='word_1_339' title='bbox 1814 4303 1866 4338; x_wconf 78' lang='lat' dir='ltr'>u.</span> <span class='ocrx_word' id='word_1_340' title='bbox 1901 4288 1933 4339; x_wconf 85' lang='lat' dir='ltr'>l.</span> <span class='ocrx_word' id='word_1_341' title='bbox 1963 4303 2032 4341; x_wconf 79' lang='lat' dir='ltr'>ss,</span> <span class='ocrx_word' id='word_1_342' title='bbox 2064 4288 2126 4338; x_wconf 75' lang='lat' dir='ltr'>in</span> <span class='ocrx_word' id='word_1_343' title='bbox 2154 4288 2208 4340; x_wconf 84' lang='lat' dir='ltr'><em>R</em></span> <span class='ocrx_word' id='word_1_344' title='bbox 2243 4288 2451 4355; x_wconf 56' lang='lat' dir='ltr'>(uum),</span> <span class='ocrx_word' id='word_1_345' title='bbox 2490 4286 2803 4355; x_wconf 87' lang='lat' dir='ltr'>Depotatus</span> <span class='ocrx_word' id='word_1_346' title='bbox 2837 4288 2904 4355; x_wconf 75' lang='lat' dir='ltr'>G,</span> 
     </span>
     <span class='ocr_line' id='line_1_41' title="bbox 608 4365 2903 4439; baseline -0.001 -16"><span class='ocrx_word' id='word_1_347' title='bbox 608 4370 904 4438; x_wconf 85' lang='lat' dir='ltr'>Depotatis</span> <span class='ocrx_word' id='word_1_348' title='bbox 934 4371 989 4437; x_wconf 81' lang='lat' dir='ltr'>S,</span> <span class='ocrx_word' id='word_1_349' title='bbox 1027 4370 1369 4439; x_wconf 85' lang='lat' dir='ltr'>Deportatus</span> <span class='ocrx_word' id='word_1_350' title='bbox 1395 4369 1457 4433; x_wconf 82' lang='lat' dir='ltr'>T,</span> <span class='ocrx_word' id='word_1_351' title='bbox 1494 4367 1771 4435; x_wconf 81' lang='lat' dir='ltr'>Epotatus</span> <span class='ocrx_word' id='word_1_352' title='bbox 1800 4365 1880 4418; x_wconf 80' lang='lat' dir='ltr'>L²</span> <span class='ocrx_word' id='word_1_353' title='bbox 2023 4366 2407 4435; x_wconf 86' lang='lat' dir='ltr'>prodigiorum</span> <span class='ocrx_word' id='word_1_354' title='bbox 2427 4369 2500 4419; x_wconf 89' lang='lat' dir='ltr'><em>M</em></span> <span class='ocrx_word' id='word_1_355' title='bbox 2501 4367 2610 4420; x_wconf 77' lang='lat' dir='ltr'>GT</span> <span class='ocrx_word' id='word_1_356' title='bbox 2635 4370 2786 4435; x_wconf 79' lang='lat' dir='ltr'>(corr.</span> <span class='ocrx_word' id='word_1_357' title='bbox 2814 4367 2903 4437; x_wconf 63' lang='grc' dir='ltr'>ρ’)</span> 
     </span>
     <span class='ocr_line' id='line_1_42' title="bbox 611 4445 2905 4518; baseline -0.001 -15"><span class='ocrx_word' id='word_1_358' title='bbox 611 4456 675 4503; x_wconf 87' lang='grc'>27</span> <span class='ocrx_word' id='word_1_359' title='bbox 706 4450 1139 4518; x_wconf 84' lang='lat' dir='ltr'>pretiosissimas</span> <span class='ocrx_word' id='word_1_360' title='bbox 1160 4448 1494 4518; x_wconf 87' lang='lat' dir='ltr'>margaritas</span> <span class='ocrx_word' id='word_1_361' title='bbox 1511 4479 1577 4487; x_wconf 94' lang='lat'><strong>—</strong></span> <span class='ocrx_word' id='word_1_362' title='bbox 1593 4445 1931 4514; x_wconf 84' lang='lat' dir='ltr'>liquefactas</span> <span class='ocrx_word' id='word_1_363' title='bbox 1955 4448 2070 4500; x_wconf 88' lang='lat' dir='ltr'>XN</span> <span class='ocrx_word' id='word_1_364' title='bbox 2083 4447 2292 4515; x_wconf 73' lang='lat' dir='ltr'>(uuly.)‚</span> <span class='ocrx_word' id='word_1_365' title='bbox 2329 4446 2736 4514; x_wconf 72' lang='lat' dir='ltr'>pretiosissima</span> <span class='ocrx_word' id='word_1_366' title='bbox 2763 4465 2905 4501; x_wconf 88' lang='lat' dir='ltr'>mar-</span> 
     </span>
     <span class='ocr_line' id='line_1_43' title="bbox 610 4530 1296 4601; baseline 0.001 -18"><span class='ocrx_word' id='word_1_367' title='bbox 610 4531 796 4601; x_wconf 71' lang='lat' dir='ltr'>garita</span> <span class='ocrx_word' id='word_1_368' title='bbox 816 4563 882 4569; x_wconf 96' lang='lat'><strong>—</strong></span> <span class='ocrx_word' id='word_1_369' title='bbox 903 4530 1213 4598; x_wconf 70' lang='lat' dir='ltr'>liquefacta</span> <span class='ocrx_word' id='word_1_370' title='bbox 1242 4531 1296 4584; x_wconf 82' lang='lat' dir='ltr'><em>R</em></span> 
     </span>
    </p>
   </div>
  </div>
 </body>
</html>
