3325 5209
1094 417 1314 472 mvvs
1354 417 1735 472 Avovs'rvs
1775 430 1907 480 [cn.
1936 376 2112 481 εις-ω]
2671 420 2751 483 87

455 582 818 666 spectacula
862 581 1159 663 frequens
1207 585 1273 645 et
1317 583 1629 665 laureata3
1689 603 1840 645 mox
1886 583 1952 646 in
2000 585 2175 646 curia
2221 587 2496 667 senatus,
2541 604 2752 665 neque

453 689 706 752 decreto
751 709 960 770 neque
1007 688 1500 770 adclamatione,
1553 689 1664 751 sed
1712 710 1828 772 per
1871 687 2202 753 Valerium
2251 688 2610 753 Messalam.
2696 690 2751 752 is
2793 705 2823 752 2

452 795 905 859 mandantibus
972 796 1249 860 cunctis:
1315 796 1517 877 quod
1576 795 1881 878 bonum,
1947 796 2185 879 inquit,
2248 796 2753 880 faustumque

454 902 561 964 sit
623 901 779 965 tibi
846 901 1263 984 domuique
1328 906 1530 984 tuae,
1598 900 1874 966 Caesar
1937 900 2309 987 Auguste!
2377 902 2489 966 sic
2555 904 2752 966 enim

397 1030 587 1072 snos
643 1011 1094 1093 perpetuam
1148 1009 1615 1073 felicitatem
1672 1009 1782 1072 rei
1838 1032 1898 1093 p.
1956 1012 2030 1071 et
2095 1011 2299 1073 laeta
2353 1009 2532 1073 huic
2587 1031 2752 1092 pre-

451 1115 610 1200 cari
676 1115 1239 1179 existimamus:
1306 1120 1616 1179 senatus
1682 1118 1758 1178 te
1821 1115 2322 1179 consentiens
2390 1137 2554 1179 cum
2620 1136 2748 1198 po-

449 1223 631 1306 pulo
694 1221 770 1286 R.
832 1224 1272 1286 consalutat
1332 1223 1628 1306 patriae
1689 1225 1999 1306 patrem.
2100 1223 2203 1286 cui
2257 1221 2602 1286 lacrimans
2658 1245 2751 1286 re-

449 1328 710 1413 spondit
770 1326 1104 1414 Augustus
1164 1329 1265 1392 his
1327 1330 1542 1392 uerbis
1592 1367 1675 1374 —
1725 1330 1864 1412 ipsa
1924 1328 2122 1412 enim,
2193 1330 2361 1394 sicut
2419 1327 2749 1410 Messalae,

391 1513 399 1519 ,
448 1435 638 1518 posui
689 1461 795 1499 —1
845 1456 1152 1518 compos
1198 1436 1450 1499 factus
1507 1438 1864 1499 uotorum
1911 1457 2277 1520 meorum,
2331 1458 2392 1519 p.
2432 1457 2510 1519 c.,
2568 1436 2748 1519 quid

370 1568 422 1606 ιο
448 1542 689 1606 habeo
746 1541 958 1605 aliud
1005 1541 1183 1605 deos
1231 1542 1707 1606 immortales
1755 1544 2084 1626 precari,
2141 1565 2362 1625 quam
2419 1546 2502 1606 ut
2547 1542 2749 1609 hunc

449 1670 897 1713 consensum
963 1651 1302 1712 uestrum
1368 1649 1456 1711 ad
1532 1648 1886 1712 ultimum
1960 1650 2196 1713 finem
2269 1650 2478 1714 uitae
2552 1649 2745 1713 mihi

447 1756 789 1837 perferre
835 1755 1119 1819 liceat?

623 1861 874 1926 Medico
922 1861 1209 1926 Antonio
1266 1862 1512 1945 Musae,
1569 1863 1752 1926 cuius
1810 1885 2003 1946 opera
2058 1886 2137 1927 ex
2192 1864 2458 1947 ancipiti
2515 1864 2742 1928 morbo
2758 1859 2852 1926 59

446 1968 889 2048 conualuerat,
955 1973 1233 2033 statuam
1297 1992 1441 2033 aere
1507 1969 1764 2034 conlato
1833 1970 2011 2033 iuxta
2076 1971 2331 2055 signum
2399 1968 2745 2056 Aesculapi

366 2100 417 2141 15
448 2077 822 2139 statuerunt.
908 2075 1206 2140 nonnulli
1251 2081 1510 2161 patrum
1555 2077 1947 2140 familiarum
1994 2080 2379 2140 testamento
2419 2082 2744 2161 cauerunt,

445 2185 518 2245 ut
564 2181 644 2245 ab
692 2183 1035 2246 heredibus
1093 2184 1223 2246 suis
1280 2185 1567 2267 praelato
1624 2184 1818 2246 titulo
1866 2183 2188 2247 uictumae
2236 2184 2303 2246 in
2352 2181 2744 2266 Capitolium

447 2289 831 2354 ducerentur
893 2294 1248 2373 uotumque
1313 2313 1431 2375 pro
1498 2312 1564 2354 se
1631 2291 2020 2374 solueretur,
2095 2291 2266 2374 quod
2332 2291 2738 2374 superstitem

446 2401 816 2481 Augustum
869 2398 1298 2481 reliquissent.
1383 2398 1692 2480 quaedam
1742 2395 1967 2461 Italiae
2015 2398 2312 2463 ciuitates
2369 2397 2568 2478 diem,
2617 2417 2744 2478 quo

443 2503 724 2585 primum
774 2504 853 2567 ad
900 2526 965 2568 se
1014 2506 1321 2587 uenisset,
1377 2506 1634 2569 initium
1684 2506 1835 2569 anni
1879 2506 2182 2567 fecerunt.
2267 2504 2744 2587 prouinciarum

364 2635 416 2673 20
443 2609 785 2694 pleraeque
847 2634 1039 2695 super
1094 2613 1334 2695 templa
1391 2616 1455 2676 et
1512 2634 1650 2674 aras
1698 2612 1884 2675 ludos
1935 2632 2188 2693 quoque
2238 2611 2742 2693 quinquennales

442 2739 642 2799 paene
706 2718 1063 2802 oppidatim
1122 2719 1611 2782 constituerunt.
1702 2739 1888 2803 reges
1948 2718 2137 2780 amici
2198 2721 2391 2800 atque
2453 2718 2611 2781 socii
2674 2722 2737 2780 et
2753 2711 2848 2775 60

444 2824 681 2908 singuli
727 2826 796 2889 in
844 2847 959 2889 suo
1010 2825 1280 2908 quisque
1335 2845 1534 2908 regno
1585 2822 1921 2888 Caesareas
1969 2823 2158 2887 urbes
2208 2823 2631 2887 condiderunt
2677 2826 2741 2887 et

443 2933 656 2994 cuncti
706 2932 898 2996 simul
945 2932 1163 2995 aedem
1212 2931 1387 2995 Iouis
1427 2928 1715 3013 Olympii
1760 2929 2034 2994 Athenis
2082 2930 2436 3013 antiquitus
2486 2931 2740 2994 incoha-

440 3041 575 3101 tam
622 3039 925 3122 perficere
983 3038 1309 3102 communi
1365 3042 1626 3119 sumptu
1685 3036 2167 3101 destinauerunt
2223 3034 2549 3119 Genioque
2602 3037 2739 3100 eius

362 3167 414 3206 25
444 3145 759 3228 dedicare3
825 3167 897 3207 ac
954 3165 1141 3227 saepe
1195 3144 1409 3228 regnis
1473 3143 1718 3208 relictis
1774 3165 1906 3208 non
1960 3142 2204 3207 Romae
2259 3143 2450 3207 modo
2510 3143 2621 3206 sed
2676 3147 2740 3206 et

442 3252 806 3332 prouincias
866 3252 1233 3335 peragranti
1296 3250 1616 3314 cotidiana
1682 3249 1897 3315 officia
1956 3250 2163 3335 togati
2224 3270 2298 3312 ac
2358 3250 2495 3314 sine
2559 3250 2736 3334 regio

441 3357 679 3440 insigni
729 3379 904 3421 more
952 3357 1283 3421 clientium
1328 3357 1803 3440 praestiterunt.

621 3463 936 3539 Quoniam
987 3463 1193 3546 qualis
1241 3465 1309 3527 in
1364 3464 1624 3545 imperis
1683 3484 1755 3526 ac
1801 3463 2286 3547 magistratibus
2333 3464 2736 3548 regendaque
2753 3454 2841 3521 61

587 3661 649 3709 21
700 3658 935 3725 Eutrop.
979 3658 1102 3710 VII
1131 3662 1228 3722 10,
1257 3661 1291 3709 3
1341 3657 1503 3709 tanto
1556 3659 1747 3708 autem
1799 3672 1986 3709 amore
2039 3657 2213 3710 etiam
2264 3656 2417 3724 apud
2470 3655 2737 3708 barbaros

440 3734 567 3803 fuit,
605 3738 668 3789 ut
703 3752 864 3805 reges
900 3737 1099 3806 populi
1144 3736 1385 3790 Romani
1423 3736 1587 3789 amici
1636 3736 1697 3788 in
1733 3737 2000 3789 honorem
2038 3737 2156 3790 eius
2198 3737 2500 3789 conderent
2537 3736 2737 3788 ciuita-

438 3818 542 3883 teS,
589 3833 727 3885 quas
776 3815 1076 3871 Caesareas
1121 3817 1491 3872 nominarent.
1639 3822 1706 3869 25
1754 3817 1829 3870 id.
1883 3818 2005 3871 VII
2033 3822 2120 3882 10,
2150 3821 2183 3869 4
2229 3816 2395 3869 multi
2438 3860 2446 3870 .
2482 3859 2490 3868 .
2527 3857 2536 3868 .
2576 3831 2736 3883 reges

439 3912 506 3950 ex
544 3897 730 3965 regnis
770 3897 885 3950 suis
923 3900 1226 3963 uenerunt,
1271 3897 1337 3950 ut
1383 3898 1436 3950 ei
1483 3897 1946 3964 obsequerentur,
1995 3900 2053 3950 et
2089 3896 2289 3949 habitu
2326 3896 2604 3961 Romam,
2652 3898 2735 3948 to-

436 3977 557 4044 gati
597 3976 830 4042 scilicet,
869 3978 941 4030 ad
980 3976 1304 4031 uehiculum
1340 3977 1434 4030 uel
1471 3994 1677 4044 equum
1715 3977 1892 4045 ipsius
1932 3979 2306 4030 cucurrerunt.
2422 3981 2487 4028 28
2506 3993 2623 4042 sqq.
2664 3976 2733 4040 cf.

440 4057 715 4111 Einhard.
749 4063 820 4111 18
850 4059 948 4127 (αά
974 4059 1085 4113 Iul.
1115 4063 1184 4111 44
1215 4076 1274 4126 p.
1302 4062 1396 4122 23,
1425 4061 1530 4126 13).
1605 4058 1682 4111 id.
1713 4061 1747 4110 4
1785 4057 1857 4110 ad
1896 4060 2054 4110 actus
2093 4059 2151 4110 et
2187 4073 2369 4109 mores
2408 4057 2734 4123 ceterasque

434 4136 591 4190 uitae
619 4137 772 4191 illius
801 4141 993 4207 partes
1023 4140 1111 4207 (cf.
1135 4140 1280 4209 Auy.
1304 4139 1396 4207 72)
1417 4137 1781 4206 explicandas
1813 4153 1879 4190 ac
1910 4137 2373 4190 demonstrandas
2396 4138 2485 4205 (cf.
2511 4138 2653 4205 Auy.
2679 4140 2732 4204 9)

579 4313 609 4359 2
648 4308 697 4360 is
730 4308 881 4362 M¹G
897 4306 1218 4375 VL¹(P¹.2),
1257 4305 1316 4358 id
1353 4307 1493 4371 TI),
1530 4322 1642 4358 non
1673 4306 1807 4371 ST1,
1846 4306 1945 4359 del.
1974 4305 2165 4370 M²T2‚
2202 4307 2345 4358 duae
2379 4306 2466 4359 uel
2495 4312 2600 4359 tres
2630 4307 2730 4358 litt.

435 4405 620 4442 erasae
649 4391 709 4440 in
732 4391 787 4442 P
918 4394 950 4440 5
982 4389 1060 4458 et]
1090 4389 1155 4440 ut
1166 4388 1397 4455 Bentley
1533 4386 1719 4438 ordini
1730 4392 1856 4453 post
1875 4386 2007 4438 huic
2025 4387 2204 4454 suppl.
2229 4387 2403 4450 Torr„
2441 4385 2567 4437 urbi
2592 4385 2729 4437 Oml.

436 4469 621 4537 (Roth)
732 4475 762 4521 9
802 4471 1061 4539 exposuit
1086 4470 1137 4524 G
1250 4473 1313 4520 16
1352 4467 1620 4519 uictimae
1644 4467 1804 4518 GXT
1923 4471 1984 4517 19
2025 4481 2082 4518 se
2112 4482 2211 4519 om.
2247 4465 2342 4519 M1
2452 4471 2517 4517 23
2557 4464 2733 4531 olym-

433 4547 554 4615 phii
586 4551 672 4614 M,
709 4549 961 4620 olimpici
999 4553 1046 4602 'I’
1186 4553 1252 4600 25
1293 4564 1359 4600 ac
1397 4548 1444 4600 si
1482 4544 1793 4615 peregrinis
1837 4547 1887 4600 G
2031 4548 2088 4598 et
2125 4562 2225 4599 om.
2273 4549 2319 4597 Y
