<?xml version="1.0" encoding="UTF-8"?>
<!DOCTYPE html PUBLIC "-//W3C//DTD XHTML 1.0 Transitional//EN"
    "http://www.w3.org/TR/xhtml1/DTD/xhtml1-transitional.dtd">
<html xmlns="http://www.w3.org/1999/xhtml" xml:lang="en" lang="en">
 <head>
  <title>
</title>
<meta http-equiv="Content-Type" content="text/html;charset=utf-8" />
  <meta name='ocr-system' content='tesseract 3.04.00' />
  <meta name='ocr-capabilities' content='ocr_page ocr_carea ocr_par ocr_line ocrx_word'/>
</head>
<body>
  <div class='ocr_page' id='page_1' title='image "./csvetonitranqui00unkngoog_0391.png"; bbox 0 0 3325 5209; ppageno 0'>
   <div class='ocr_carea' id='block_1_1' title="bbox 1033 409 2722 473">
    <p class='ocr_par' dir='ltr' id='par_1_1' title="bbox 1033 409 2722 473">
     <span class='ocr_line' id='line_1_1' title="bbox 1033 409 2722 473; baseline 0.006 -10"><span class='ocrx_word' id='word_1_1' title='bbox 1033 409 1252 464; x_wconf 76' lang='lat' dir='ltr'><strong>DIVVS</strong></span> <span class='ocrx_word' id='word_1_2' title='bbox 1290 409 1785 464; x_wconf 79' lang='lat' dir='ltr'><strong>VESPASIANVS</strong></span> <span class='ocrx_word' id='word_1_3' title='bbox 1834 421 1977 471; x_wconf 67' lang='lat' dir='ltr'><strong>[off.</strong></span> <span class='ocrx_word' id='word_1_4' title='bbox 1995 421 2118 471; x_wconf 72' lang='lat'><strong>5-71</strong></span> <span class='ocrx_word' id='word_1_5' title='bbox 2593 410 2722 473; x_wconf 85' lang='lat'><strong>313</strong></span> 
     </span>
    </p>
   </div>
   <div class='ocr_carea' id='block_1_2' title="bbox 349 571 2815 3430">
    <p class='ocr_par' dir='ltr' id='par_1_2' title="bbox 428 571 2795 978">
     <span class='ocr_line' id='line_1_2' title="bbox 607 571 2795 658; baseline 0 -21"><span class='ocrx_word' id='word_1_6' title='bbox 607 572 968 637; x_wconf 88' lang='lat' dir='ltr'><strong>Plurimum</strong></span> <span class='ocrx_word' id='word_1_7' title='bbox 1015 572 1260 658; x_wconf 87' lang='lat' dir='ltr'><strong>coeptis</strong></span> <span class='ocrx_word' id='word_1_8' title='bbox 1309 575 1722 638; x_wconf 89' lang='lat' dir='ltr'><strong>contulerunt</strong></span> <span class='ocrx_word' id='word_1_9' title='bbox 1767 573 2076 638; x_wconf 89' lang='lat' dir='ltr'><strong>iactatum</strong></span> <span class='ocrx_word' id='word_1_10' title='bbox 2123 571 2451 657; x_wconf 84' lang='lat' dir='ltr'><strong>exemplar</strong></span> <span class='ocrx_word' id='word_1_11' title='bbox 2488 573 2723 658; x_wconf 90' lang='lat' dir='ltr'><strong>epistu-</strong></span> <span class='ocrx_word' id='word_1_12' title='bbox 2761 591 2795 637; x_wconf 86' lang='lat'>4</span> 
     </span>
     <span class='ocr_line' id='line_1_3' title="bbox 428 676 2723 763; baseline -0 -19"><span class='ocrx_word' id='word_1_13' title='bbox 428 681 528 745; x_wconf 90' lang='lat' dir='ltr'><strong>lae</strong></span> <span class='ocrx_word' id='word_1_14' title='bbox 582 702 772 744; x_wconf 90' lang='lat' dir='ltr'><strong>uerae</strong></span> <span class='ocrx_word' id='word_1_15' title='bbox 817 676 964 744; x_wconf 64' lang='lat' dir='ltr'><strong>&#39;siue</strong></span> <span class='ocrx_word' id='word_1_16' title='bbox 1019 679 1219 743; x_wconf 88' lang='lat' dir='ltr'><strong>falsae</strong></span> <span class='ocrx_word' id='word_1_17' title='bbox 1279 679 1565 744; x_wconf 76' lang='lat' dir='ltr'><strong>defuncti</strong></span> <span class='ocrx_word' id='word_1_18' title='bbox 1623 677 1898 743; x_wconf 91' lang='lat' dir='ltr'><strong>Othonis</strong></span> <span class='ocrx_word' id='word_1_19' title='bbox 1959 680 2037 743; x_wconf 91' lang='lat' dir='ltr'><strong>ad</strong></span> <span class='ocrx_word' id='word_1_20' title='bbox 2095 678 2562 763; x_wconf 82' lang='lat' dir='ltr'><strong>Vespasianum</strong></span> <span class='ocrx_word' id='word_1_21' title='bbox 2620 702 2723 743; x_wconf 83' lang='lat' dir='ltr'><strong>ex-</strong></span> 
     </span>
     <span class='ocr_line' id='line_1_4' title="bbox 428 786 2727 871; baseline 0 -21"><span class='ocrx_word' id='word_1_22' title='bbox 428 790 633 851; x_wconf 90' lang='lat' dir='ltr'><strong>trema</strong></span> <span class='ocrx_word' id='word_1_23' title='bbox 681 787 1111 852; x_wconf 88' lang='lat' dir='ltr'><strong>obtestatione</strong></span> <span class='ocrx_word' id='word_1_24' title='bbox 1158 787 1470 850; x_wconf 90' lang='lat' dir='ltr'><strong>ultionem</strong></span> <span class='ocrx_word' id='word_1_25' title='bbox 1509 787 1874 850; x_wconf 91' lang='lat' dir='ltr'><strong>mandantis</strong></span> <span class='ocrx_word' id='word_1_26' title='bbox 1912 790 1976 850; x_wconf 93' lang='lat' dir='ltr'><strong>et</strong></span> <span class='ocrx_word' id='word_1_27' title='bbox 2014 789 2086 849; x_wconf 87' lang='lat' dir='ltr'><strong>ut</strong></span> <span class='ocrx_word' id='word_1_28' title='bbox 2122 787 2217 849; x_wconf 90' lang='lat' dir='ltr'><strong>rei</strong></span> <span class='ocrx_word' id='word_1_29' title='bbox 2251 810 2313 871; x_wconf 91' lang='lat' dir='ltr'><strong>p.</strong></span> <span class='ocrx_word' id='word_1_30' title='bbox 2353 786 2727 851; x_wconf 85' lang='lat' dir='ltr'><strong>subueniret</strong></span> 
     </span>
     <span class='ocr_line' id='line_1_5' title="bbox 430 892 2724 978; baseline -0.001 -20"><span class='ocrx_word' id='word_1_31' title='bbox 430 894 741 978; x_wconf 75' lang='lat' dir='ltr'><strong>optantis,‚</strong></span> <span class='ocrx_word' id='word_1_32' title='bbox 806 893 999 957; x_wconf 89' lang='lat' dir='ltr'><strong>simul</strong></span> <span class='ocrx_word' id='word_1_33' title='bbox 1062 912 1284 958; x_wconf 90' lang='lat' dir='ltr'><strong>rumor</strong></span> <span class='ocrx_word' id='word_1_34' title='bbox 1340 893 1691 978; x_wconf 89' lang='lat' dir='ltr'><strong>dissipatus</strong></span> <span class='ocrx_word' id='word_1_35' title='bbox 1747 893 2100 957; x_wconf 73' lang='lat' dir='ltr'><strong>destinasse</strong></span> <span class='ocrx_word' id='word_1_36' title='bbox 2155 893 2467 958; x_wconf 88' lang='lat' dir='ltr'><strong>uictorem</strong></span> <span class='ocrx_word' id='word_1_37' title='bbox 2522 892 2724 958; x_wconf 93' lang='lat' dir='ltr'><strong>Vitel-</strong></span> 
     </span>
    </p>

    <p class='ocr_par' dir='ltr' id='par_1_3' title="bbox 373 998 2728 1513">
     <span class='ocr_line' id='line_1_6' title="bbox 373 998 2725 1086; baseline 0 -21"><span class='ocrx_word' id='word_1_38' title='bbox 373 1026 401 1066; x_wconf 67' lang='grc' dir='ltr'><strong>ε</strong></span> <span class='ocrx_word' id='word_1_39' title='bbox 429 1001 588 1065; x_wconf 91' lang='lat' dir='ltr'><strong>lium</strong></span> <span class='ocrx_word' id='word_1_40' title='bbox 652 1004 1018 1085; x_wconf 73' lang='lat' dir='ltr'><strong>permutare</strong></span> <span class='ocrx_word' id='word_1_41' title='bbox 1082 1000 1353 1064; x_wconf 89' lang='lat' dir='ltr'><strong>hiberna</strong></span> <span class='ocrx_word' id='word_1_42' title='bbox 1408 999 1739 1086; x_wconf 89' lang='lat' dir='ltr'><strong>legionum</strong></span> <span class='ocrx_word' id='word_1_43' title='bbox 1795 1004 1860 1064; x_wconf 93' lang='lat' dir='ltr'><strong>et</strong></span> <span class='ocrx_word' id='word_1_44' title='bbox 1917 998 2324 1065; x_wconf 77' lang='lat' dir='ltr'><strong>Germanicas</strong></span> <span class='ocrx_word' id='word_1_45' title='bbox 2379 1000 2725 1065; x_wconf 84' lang='lat' dir='ltr'><strong>transferre</strong></span> 
     </span>
     <span class='ocr_line' id='line_1_7' title="bbox 430 1105 2725 1192; baseline -0 -22"><span class='ocrx_word' id='word_1_46' title='bbox 430 1107 499 1170; x_wconf 93' lang='lat' dir='ltr'><strong>in</strong></span> <span class='ocrx_word' id='word_1_47' title='bbox 547 1105 875 1172; x_wconf 87' lang='lat' dir='ltr'><strong>Orientem</strong></span> <span class='ocrx_word' id='word_1_48' title='bbox 924 1107 1004 1171; x_wconf 90' lang='lat' dir='ltr'><strong>ad</strong></span> <span class='ocrx_word' id='word_1_49' title='bbox 1051 1106 1438 1172; x_wconf 82' lang='lat' dir='ltr'><strong>securiorem</strong></span> <span class='ocrx_word' id='word_1_50' title='bbox 1496 1107 1987 1191; x_wconf 84' lang='lat' dir='ltr'><strong>mollioremque</strong></span> <span class='ocrx_word' id='word_1_51' title='bbox 2032 1105 2350 1191; x_wconf 80' lang='lat' dir='ltr'><strong>militiam,</strong></span> <span class='ocrx_word' id='word_1_52' title='bbox 2397 1111 2725 1192; x_wconf 90' lang='lat' dir='ltr'><strong>praeterea</strong></span> 
     </span>
     <span class='ocr_line' id='line_1_8' title="bbox 429 1213 2726 1299; baseline 0 -22"><span class='ocrx_word' id='word_1_53' title='bbox 429 1236 507 1277; x_wconf 85' lang='lat' dir='ltr'><strong>ex</strong></span> <span class='ocrx_word' id='word_1_54' title='bbox 564 1213 967 1297; x_wconf 85' lang='lat' dir='ltr'><strong>praesidibus</strong></span> <span class='ocrx_word' id='word_1_55' title='bbox 1023 1214 1509 1299; x_wconf 87' lang='lat' dir='ltr'><strong>prouinciarum</strong></span> <span class='ocrx_word' id='word_1_56' title='bbox 1558 1213 1845 1278; x_wconf 90' lang='lat' dir='ltr'><strong>Licinius</strong></span> <span class='ocrx_word' id='word_1_57' title='bbox 1891 1213 2228 1278; x_wconf 83' lang='lat' dir='ltr'><strong>Mucianus</strong></span> <span class='ocrx_word' id='word_1_58' title='bbox 2275 1216 2341 1276; x_wconf 94' lang='lat' dir='ltr'><strong>et</strong></span> <span class='ocrx_word' id='word_1_59' title='bbox 2387 1235 2420 1277; x_wconf 93' lang='lat' dir='ltr'><strong>e</strong></span> <span class='ocrx_word' id='word_1_60' title='bbox 2465 1214 2726 1299; x_wconf 89' lang='lat' dir='ltr'><strong>regibus</strong></span> 
     </span>
     <span class='ocr_line' id='line_1_9' title="bbox 430 1318 2728 1405; baseline 0 -21"><span class='ocrx_word' id='word_1_61' title='bbox 430 1319 831 1404; x_wconf 84' lang='lat' dir='ltr'><strong>Vologaesus</strong></span> <span class='ocrx_word' id='word_1_62' title='bbox 870 1320 1175 1405; x_wconf 83' lang='lat' dir='ltr'><strong>Parthus3</strong></span> <span class='ocrx_word' id='word_1_63' title='bbox 1223 1318 1333 1384; x_wconf 89' lang='lat' dir='ltr'><strong>ille</strong></span> <span class='ocrx_word' id='word_1_64' title='bbox 1380 1321 1669 1405; x_wconf 90' lang='lat' dir='ltr'><strong>deposita</strong></span> <span class='ocrx_word' id='word_1_65' title='bbox 1715 1320 2058 1403; x_wconf 74' lang='lat' dir='ltr'><strong>simultate,</strong></span> <span class='ocrx_word' id='word_1_66' title='bbox 2106 1342 2299 1403; x_wconf 91' lang='lat' dir='ltr'><strong>quam</strong></span> <span class='ocrx_word' id='word_1_67' title='bbox 2346 1321 2413 1383; x_wconf 91' lang='lat' dir='ltr'><strong>in</strong></span> <span class='ocrx_word' id='word_1_68' title='bbox 2459 1321 2526 1384; x_wconf 91' lang='lat' dir='ltr'><strong>id</strong></span> <span class='ocrx_word' id='word_1_69' title='bbox 2571 1324 2728 1385; x_wconf 92' lang='lat' dir='ltr'><strong>tem-</strong></span> 
     </span>
     <span class='ocr_line' id='line_1_10' title="bbox 429 1425 2728 1513; baseline 0 -22"><span class='ocrx_word' id='word_1_70' title='bbox 429 1449 550 1511; x_wconf 91' lang='lat' dir='ltr'><strong>pus</strong></span> <span class='ocrx_word' id='word_1_71' title='bbox 609 1450 685 1491; x_wconf 83' lang='lat' dir='ltr'><strong>ex</strong></span> <span class='ocrx_word' id='word_1_72' title='bbox 733 1428 1162 1492; x_wconf 86' lang='lat' dir='ltr'><strong>aemulatione</strong></span> <span class='ocrx_word' id='word_1_73' title='bbox 1209 1448 1341 1490; x_wconf 91' lang='lat' dir='ltr'><strong>non</strong></span> <span class='ocrx_word' id='word_1_74' title='bbox 1388 1428 1658 1493; x_wconf 80' lang='lat' dir='ltr'><strong>obscure</strong></span> <span class='ocrx_word' id='word_1_75' title='bbox 1706 1427 1988 1513; x_wconf 85' lang='lat' dir='ltr'><strong>gerebat,</strong></span> <span class='ocrx_word' id='word_1_76' title='bbox 2045 1425 2380 1510; x_wconf 85' lang='lat' dir='ltr'><strong>Syriacum</strong></span> <span class='ocrx_word' id='word_1_77' title='bbox 2426 1428 2728 1510; x_wconf 89' lang='lat' dir='ltr'><strong>promisit</strong></span> 
     </span>
    </p>

    <p class='ocr_par' dir='ltr' id='par_1_4' title="bbox 349 1533 2201 1619">
     <span class='ocr_line' id='line_1_11' title="bbox 349 1533 2201 1619; baseline -0.001 -20"><span class='ocrx_word' id='word_1_78' title='bbox 349 1560 404 1599; x_wconf 88' lang='lat'><strong>10</strong></span> <span class='ocrx_word' id='word_1_79' title='bbox 431 1535 801 1619; x_wconf 70' lang='lat' dir='ltr'><strong>exercitum‚&#39;</strong></span> <span class='ocrx_word' id='word_1_80' title='bbox 847 1534 957 1597; x_wconf 88' lang='lat' dir='ltr'><strong>hic</strong></span> <span class='ocrx_word' id='word_1_81' title='bbox 1005 1534 1429 1619; x_wconf 83' lang='lat' dir='ltr'><strong>quadraginta</strong></span> <span class='ocrx_word' id='word_1_82' title='bbox 1474 1533 1656 1597; x_wconf 92' lang='lat' dir='ltr'><strong>milia</strong></span> <span class='ocrx_word' id='word_1_83' title='bbox 1702 1534 2201 1619; x_wconf 87' lang='lat' dir='ltr'><strong>sagittariorum.</strong></span> 
     </span>
    </p>

    <p class='ocr_par' dir='ltr' id='par_1_5' title="bbox 430 1638 2815 2044">
     <span class='ocr_line' id='line_1_12' title="bbox 610 1638 2815 1724; baseline 0 -20"><span class='ocrx_word' id='word_1_84' title='bbox 610 1639 924 1723; x_wconf 80' lang='lat' dir='ltr'><strong>Suscepto</strong></span> <span class='ocrx_word' id='word_1_85' title='bbox 964 1641 1166 1724; x_wconf 91' lang='lat' dir='ltr'><strong>igitur</strong></span> <span class='ocrx_word' id='word_1_86' title='bbox 1205 1639 1382 1703; x_wconf 89' lang='lat' dir='ltr'><strong>ciuili</strong></span> <span class='ocrx_word' id='word_1_87' title='bbox 1411 1639 1582 1704; x_wconf 93' lang='lat' dir='ltr'><strong>bello</strong></span> <span class='ocrx_word' id='word_1_88' title='bbox 1613 1660 1688 1703; x_wconf 89' lang='lat' dir='ltr'><strong>ac</strong></span> <span class='ocrx_word' id='word_1_89' title='bbox 1715 1639 1985 1704; x_wconf 90' lang='lat' dir='ltr'><strong>ducibus</strong></span> <span class='ocrx_word' id='word_1_90' title='bbox 2016 1640 2348 1723; x_wconf 91' lang='lat' dir='ltr'><strong>copiisque</strong></span> <span class='ocrx_word' id='word_1_91' title='bbox 2376 1641 2445 1704; x_wconf 90' lang='lat' dir='ltr'><strong>in</strong></span> <span class='ocrx_word' id='word_1_92' title='bbox 2471 1638 2726 1704; x_wconf 88' lang='lat' dir='ltr'><strong>Italiam</strong></span> <span class='ocrx_word' id='word_1_93' title='bbox 2778 1638 2815 1704; x_wconf 74' lang='grc' dir='ltr'><strong>’ἵ</strong></span> 
     </span>
     <span class='ocr_line' id='line_1_13' title="bbox 430 1744 2731 1832; baseline 0.001 -23"><span class='ocrx_word' id='word_1_94' title='bbox 430 1746 801 1831; x_wconf 88' lang='lat' dir='ltr'><strong>praemissis</strong></span> <span class='ocrx_word' id='word_1_95' title='bbox 831 1746 1089 1809; x_wconf 89' lang='lat' dir='ltr'><strong>interim</strong></span> <span class='ocrx_word' id='word_1_96' title='bbox 1124 1744 1577 1809; x_wconf 88' lang='lat' dir='ltr'><strong>Alexandriam</strong></span> <span class='ocrx_word' id='word_1_97' title='bbox 1605 1746 1882 1829; x_wconf 79' lang='lat' dir='ltr'><strong>transiit,</strong></span> <span class='ocrx_word' id='word_1_98' title='bbox 1908 1750 1982 1810; x_wconf 88' lang='lat' dir='ltr'><strong>ut</strong></span> <span class='ocrx_word' id='word_1_99' title='bbox 2011 1746 2289 1810; x_wconf 88' lang='lat' dir='ltr'><strong>claustra</strong></span> <span class='ocrx_word' id='word_1_100' title='bbox 2309 1745 2590 1832; x_wconf 82' lang='lat' dir='ltr'><strong>Aegypti</strong></span> <span class='ocrx_word' id='word_1_101' title='bbox 2621 1769 2731 1832; x_wconf 94' lang='lat' dir='ltr'><strong>op-</strong></span> 
     </span>
     <span class='ocr_line' id='line_1_14' title="bbox 432 1851 2729 1936; baseline 0 -20"><span class='ocrx_word' id='word_1_102' title='bbox 432 1854 681 1917; x_wconf 88' lang='lat' dir='ltr'><strong>tineret.</strong></span> <span class='ocrx_word' id='word_1_103' title='bbox 756 1852 863 1916; x_wconf 83' lang='lat' dir='ltr'><strong>hic</strong></span> <span class='ocrx_word' id='word_1_104' title='bbox 891 1872 1036 1916; x_wconf 91' lang='lat' dir='ltr'><strong>cum</strong></span> <span class='ocrx_word' id='word_1_105' title='bbox 1069 1852 1145 1915; x_wconf 91' lang='lat' dir='ltr'><strong>de</strong></span> <span class='ocrx_word' id='word_1_106' title='bbox 1174 1851 1479 1915; x_wconf 87' lang='lat' dir='ltr'><strong>firmitate</strong></span> <span class='ocrx_word' id='word_1_107' title='bbox 1508 1851 1764 1935; x_wconf 89' lang='lat' dir='ltr'><strong>imperii</strong></span> <span class='ocrx_word' id='word_1_108' title='bbox 1794 1854 2096 1935; x_wconf 88' lang='lat' dir='ltr'><strong>capturus</strong></span> <span class='ocrx_word' id='word_1_109' title='bbox 2125 1853 2480 1936; x_wconf 87' lang='lat' dir='ltr'><strong>auspicium</strong></span> <span class='ocrx_word' id='word_1_110' title='bbox 2510 1854 2729 1917; x_wconf 92' lang='lat' dir='ltr'><strong>aedem</strong></span> 
     </span>
     <span class='ocr_line' id='line_1_15' title="bbox 433 1945 2729 2044; baseline 0 -22"><span class='ocrx_word' id='word_1_111' title='bbox 433 1958 757 2044; x_wconf 83' lang='lat' dir='ltr'><strong>Serapidis</strong></span> <span class='ocrx_word' id='word_1_112' title='bbox 797 1945 1136 2022; x_wconf 88' lang='lat' dir='ltr'><strong>summotis</strong></span> <span class='ocrx_word' id='word_1_113' title='bbox 1175 1957 1475 2022; x_wconf 90' lang='lat' dir='ltr'><strong>omnibus</strong></span> <span class='ocrx_word' id='word_1_114' title='bbox 1515 1958 1691 2021; x_wconf 92' lang='lat' dir='ltr'><strong>solus</strong></span> <span class='ocrx_word' id='word_1_115' title='bbox 1733 1958 2032 2021; x_wconf 88' lang='lat' dir='ltr'><strong>intrasset</strong></span> <span class='ocrx_word' id='word_1_116' title='bbox 2071 1979 2144 2022; x_wconf 89' lang='lat' dir='ltr'><strong>ac</strong></span> <span class='ocrx_word' id='word_1_117' title='bbox 2179 1959 2531 2043; x_wconf 87' lang='lat' dir='ltr'><strong>propitiato</strong></span> <span class='ocrx_word' id='word_1_118' title='bbox 2568 1960 2729 2023; x_wconf 90' lang='lat' dir='ltr'><strong>mul-</strong></span> 
     </span>
    </p>

    <p class='ocr_par' dir='ltr' id='par_1_6' title="bbox 351 2064 2730 2576">
     <span class='ocr_line' id='line_1_16' title="bbox 351 2064 2730 2150; baseline 0 -20"><span class='ocrx_word' id='word_1_119' title='bbox 351 2090 401 2131; x_wconf 74' lang='lat'><strong>15</strong></span> <span class='ocrx_word' id='word_1_120' title='bbox 432 2069 569 2128; x_wconf 90' lang='lat' dir='ltr'><strong>tum</strong></span> <span class='ocrx_word' id='word_1_121' title='bbox 610 2066 728 2129; x_wconf 91' lang='lat' dir='ltr'><strong>deo</strong></span> <span class='ocrx_word' id='word_1_122' title='bbox 767 2065 1025 2129; x_wconf 88' lang='lat' dir='ltr'><strong>tandem</strong></span> <span class='ocrx_word' id='word_1_123' title='bbox 1065 2086 1132 2128; x_wconf 92' lang='lat' dir='ltr'><strong>se</strong></span> <span class='ocrx_word' id='word_1_124' title='bbox 1171 2065 1614 2148; x_wconf 81' lang='lat' dir='ltr'><strong>conuertisset,</strong></span> <span class='ocrx_word' id='word_1_125' title='bbox 1659 2064 1971 2128; x_wconf 90' lang='lat' dir='ltr'><strong>uerbenas</strong></span> <span class='ocrx_word' id='word_1_126' title='bbox 2015 2086 2411 2149; x_wconf 85' lang='lat' dir='ltr'><strong>coronasque</strong></span> <span class='ocrx_word' id='word_1_127' title='bbox 2453 2070 2517 2130; x_wconf 94' lang='lat' dir='ltr'><strong>et</strong></span> <span class='ocrx_word' id='word_1_128' title='bbox 2553 2066 2730 2150; x_wconf 88' lang='lat' dir='ltr'><strong>pani—</strong></span> 
     </span>
     <span class='ocr_line' id='line_1_17' title="bbox 431 2170 2730 2257; baseline 0.001 -23"><span class='ocrx_word' id='word_1_129' title='bbox 431 2171 593 2254; x_wconf 81' lang='lat' dir='ltr'><strong>ficia,</strong></span> <span class='ocrx_word' id='word_1_130' title='bbox 623 2176 695 2235; x_wconf 92' lang='lat' dir='ltr'><strong>ut</strong></span> <span class='ocrx_word' id='word_1_131' title='bbox 715 2172 850 2235; x_wconf 91' lang='lat' dir='ltr'><strong>illic</strong></span> <span class='ocrx_word' id='word_1_132' title='bbox 870 2171 1122 2255; x_wconf 84' lang='lat' dir='ltr'><strong>assolet,</strong></span> <span class='ocrx_word' id='word_1_133' title='bbox 1151 2170 1466 2235; x_wconf 90' lang='lat' dir='ltr'><strong>Basilides</strong></span> <span class='ocrx_word' id='word_1_134' title='bbox 1485 2171 1758 2235; x_wconf 89' lang='lat' dir='ltr'><strong>libertus</strong></span> <span class='ocrx_word' id='word_1_135' title='bbox 1779 2171 2089 2235; x_wconf 85' lang='lat' dir='ltr'><strong>obtulisse</strong></span> <span class='ocrx_word' id='word_1_136' title='bbox 2108 2172 2168 2235; x_wconf 94' lang='lat' dir='ltr'><strong>ei</strong></span> <span class='ocrx_word' id='word_1_137' title='bbox 2187 2173 2364 2236; x_wconf 90' lang='lat' dir='ltr'><strong>uisus</strong></span> <span class='ocrx_word' id='word_1_138' title='bbox 2385 2177 2510 2257; x_wconf 85' lang='lat' dir='ltr'><strong>est3</strong></span> <span class='ocrx_word' id='word_1_139' title='bbox 2540 2193 2730 2255; x_wconf 92' lang='lat' dir='ltr'><strong>quem</strong></span> 
     </span>
     <span class='ocr_line' id='line_1_18' title="bbox 430 2277 2730 2362; baseline 0 -21"><span class='ocrx_word' id='word_1_140' title='bbox 430 2301 637 2362; x_wconf 91' lang='lat' dir='ltr'><strong>neque</strong></span> <span class='ocrx_word' id='word_1_141' title='bbox 686 2278 1037 2342; x_wconf 90' lang='lat' dir='ltr'><strong>admissum</strong></span> <span class='ocrx_word' id='word_1_142' title='bbox 1085 2301 1121 2341; x_wconf 90' lang='lat' dir='ltr'><strong>a</strong></span> <span class='ocrx_word' id='word_1_143' title='bbox 1170 2300 1492 2361; x_wconf 88' lang='lat' dir='ltr'><strong>quoquam</strong></span> <span class='ocrx_word' id='word_1_144' title='bbox 1531 2282 1597 2341; x_wconf 92' lang='lat' dir='ltr'><strong>et</strong></span> <span class='ocrx_word' id='word_1_145' title='bbox 1633 2277 1763 2341; x_wconf 91' lang='lat' dir='ltr'><strong>iam</strong></span> <span class='ocrx_word' id='word_1_146' title='bbox 1798 2278 2045 2361; x_wconf 91' lang='lat' dir='ltr'><strong>pridem</strong></span> <span class='ocrx_word' id='word_1_147' title='bbox 2083 2282 2350 2361; x_wconf 87' lang='lat' dir='ltr'><strong>propter</strong></span> <span class='ocrx_word' id='word_1_148' title='bbox 2384 2300 2730 2343; x_wconf 89' lang='lat' dir='ltr'><strong>neruorum</strong></span> 
     </span>
     <span class='ocr_line' id='line_1_19' title="bbox 435 2383 2729 2471; baseline 0 -24"><span class='ocrx_word' id='word_1_149' title='bbox 435 2385 859 2449; x_wconf 90' lang='lat' dir='ltr'><strong>ualitudinem</strong></span> <span class='ocrx_word' id='word_1_150' title='bbox 907 2387 1021 2449; x_wconf 84' lang='lat' dir='ltr'><strong>uix</strong></span> <span class='ocrx_word' id='word_1_151' title='bbox 1060 2385 1309 2469; x_wconf 84' lang='lat' dir='ltr'><strong>ingredi</strong></span> <span class='ocrx_word' id='word_1_152' title='bbox 1346 2386 1671 2471; x_wconf 82' lang='lat' dir='ltr'><strong>longeque</strong></span> <span class='ocrx_word' id='word_1_153' title='bbox 1711 2383 1933 2448; x_wconf 89' lang='lat' dir='ltr'><strong>abesse</strong></span> <span class='ocrx_word' id='word_1_154' title='bbox 1972 2384 2324 2449; x_wconf 87' lang='lat' dir='ltr'><strong>constabat.</strong></span> <span class='ocrx_word' id='word_1_155' title='bbox 2398 2406 2472 2449; x_wconf 88' lang='lat' dir='ltr'><strong>ac</strong></span> <span class='ocrx_word' id='word_1_156' title='bbox 2511 2386 2729 2449; x_wconf 87' lang='lat' dir='ltr'><strong>statim</strong></span> 
     </span>
     <span class='ocr_line' id='line_1_20' title="bbox 433 2489 2730 2576; baseline 0 -22"><span class='ocrx_word' id='word_1_157' title='bbox 433 2492 745 2556; x_wconf 92' lang='lat' dir='ltr'><strong>aduenere</strong></span> <span class='ocrx_word' id='word_1_158' title='bbox 790 2492 1044 2556; x_wconf 88' lang='lat' dir='ltr'><strong>litterae</strong></span> <span class='ocrx_word' id='word_1_159' title='bbox 1091 2493 1267 2556; x_wconf 80' lang='lat' dir='ltr'><strong>fusas</strong></span> <span class='ocrx_word' id='word_1_160' title='bbox 1317 2492 1488 2576; x_wconf 87' lang='lat' dir='ltr'><strong>apud</strong></span> <span class='ocrx_word' id='word_1_161' title='bbox 1537 2489 1915 2556; x_wconf 81' lang='lat' dir='ltr'><strong>Cremonam</strong></span> <span class='ocrx_word' id='word_1_162' title='bbox 1963 2490 2190 2554; x_wconf 89' lang='lat' dir='ltr'><strong>Vitelli</strong></span> <span class='ocrx_word' id='word_1_163' title='bbox 2238 2491 2473 2576; x_wconf 79' lang='lat' dir='ltr'><strong>copias,</strong></span> <span class='ocrx_word' id='word_1_164' title='bbox 2518 2492 2730 2575; x_wconf 90' lang='lat' dir='ltr'><strong>ipsum</strong></span> 
     </span>
    </p>

    <p class='ocr_par' dir='ltr' id='par_1_7' title="bbox 352 2598 1651 2683">
     <span class='ocr_line' id='line_1_21' title="bbox 352 2598 1651 2683; baseline -0.002 -20"><span class='ocrx_word' id='word_1_165' title='bbox 352 2624 407 2663; x_wconf 76' lang='lat'><strong>20</strong></span> <span class='ocrx_word' id='word_1_166' title='bbox 435 2599 503 2660; x_wconf 89' lang='lat' dir='ltr'><strong>in</strong></span> <span class='ocrx_word' id='word_1_167' title='bbox 548 2598 707 2662; x_wconf 88' lang='lat' dir='ltr'><strong>urbe</strong></span> <span class='ocrx_word' id='word_1_168' title='bbox 755 2599 1214 2683; x_wconf 90' lang='lat' dir='ltr'><strong>interemptum</strong></span> <span class='ocrx_word' id='word_1_169' title='bbox 1261 2599 1651 2662; x_wconf 77' lang='lat' dir='ltr'><strong>nuntiantes,</strong></span> 
     </span>
    </p>

    <p class='ocr_par' dir='ltr' id='par_1_8' title="bbox 433 2703 2802 3109">
     <span class='ocr_line' id='line_1_22' title="bbox 614 2703 2802 2788; baseline 0.001 -21"><span class='ocrx_word' id='word_1_170' title='bbox 614 2703 986 2769; x_wconf 88' lang='lat' dir='ltr'><strong>Auctoritas</strong></span> <span class='ocrx_word' id='word_1_171' title='bbox 1043 2709 1107 2768; x_wconf 91' lang='lat' dir='ltr'><strong>et</strong></span> <span class='ocrx_word' id='word_1_172' title='bbox 1168 2706 1351 2788; x_wconf 91' lang='lat' dir='ltr'><strong>quasi</strong></span> <span class='ocrx_word' id='word_1_173' title='bbox 1410 2706 1710 2768; x_wconf 88' lang='lat' dir='ltr'><strong>maiestas</strong></span> <span class='ocrx_word' id='word_1_174' title='bbox 1759 2705 2068 2788; x_wconf 91' lang='lat' dir='ltr'><strong>quaedam</strong></span> <span class='ocrx_word' id='word_1_175' title='bbox 2115 2707 2191 2768; x_wconf 93' lang='lat' dir='ltr'><strong>ut</strong></span> <span class='ocrx_word' id='word_1_176' title='bbox 2238 2704 2483 2769; x_wconf 90' lang='lat' dir='ltr'><strong>scilicet</strong></span> <span class='ocrx_word' id='word_1_177' title='bbox 2528 2705 2732 2788; x_wconf 92' lang='lat' dir='ltr'><strong>inopi·</strong></span> <span class='ocrx_word' id='word_1_178' title='bbox 2770 2722 2802 2769; x_wconf 82' lang='lat'>2</span> 
     </span>
     <span class='ocr_line' id='line_1_23' title="bbox 433 2811 2732 2896; baseline 0 -22"><span class='ocrx_word' id='word_1_179' title='bbox 433 2814 585 2874; x_wconf 88' lang='lat' dir='ltr'><strong>nato</strong></span> <span class='ocrx_word' id='word_1_180' title='bbox 648 2815 713 2874; x_wconf 91' lang='lat' dir='ltr'><strong>et</strong></span> <span class='ocrx_word' id='word_1_181' title='bbox 772 2811 981 2875; x_wconf 89' lang='lat' dir='ltr'><strong>adhuc</strong></span> <span class='ocrx_word' id='word_1_182' title='bbox 1042 2833 1217 2876; x_wconf 91' lang='lat' dir='ltr'><strong>nouo</strong></span> <span class='ocrx_word' id='word_1_183' title='bbox 1278 2812 1559 2895; x_wconf 88' lang='lat' dir='ltr'><strong>principi</strong></span> <span class='ocrx_word' id='word_1_184' title='bbox 1617 2812 1860 2896; x_wconf 89' lang='lat' dir='ltr'><strong>deerat;</strong></span> <span class='ocrx_word' id='word_1_185' title='bbox 1918 2811 2076 2875; x_wconf 89' lang='lat' dir='ltr'><strong>haec</strong></span> <span class='ocrx_word' id='word_1_186' title='bbox 2137 2833 2392 2895; x_wconf 91' lang='lat' dir='ltr'><strong>quoque</strong></span> <span class='ocrx_word' id='word_1_187' title='bbox 2448 2811 2732 2876; x_wconf 89' lang='lat' dir='ltr'><strong>accessit.</strong></span> 
     </span>
     <span class='ocr_line' id='line_1_24' title="bbox 434 2917 2733 3001; baseline 0 -20"><span class='ocrx_word' id='word_1_188' title='bbox 434 2940 468 2981; x_wconf 94' lang='lat' dir='ltr'><strong>e</strong></span> <span class='ocrx_word' id='word_1_189' title='bbox 522 2917 711 3001; x_wconf 88' lang='lat' dir='ltr'><strong>plebe</strong></span> <span class='ocrx_word' id='word_1_190' title='bbox 774 2919 1034 3001; x_wconf 91' lang='lat' dir='ltr'><strong>quidam</strong></span> <span class='ocrx_word' id='word_1_191' title='bbox 1093 2917 1450 2982; x_wconf 88' lang='lat' dir='ltr'><strong>luminibus</strong></span> <span class='ocrx_word' id='word_1_192' title='bbox 1512 2918 1796 2999; x_wconf 80' lang='lat' dir='ltr'><strong>orbatuS‚</strong></span> <span class='ocrx_word' id='word_1_193' title='bbox 1857 2918 2011 2982; x_wconf 86' lang='lat' dir='ltr'><strong>item</strong></span> <span class='ocrx_word' id='word_1_194' title='bbox 2069 2918 2233 2982; x_wconf 89' lang='lat' dir='ltr'><strong>alius</strong></span> <span class='ocrx_word' id='word_1_195' title='bbox 2292 2917 2489 2981; x_wconf 94' lang='lat' dir='ltr'><strong>debili</strong></span> <span class='ocrx_word' id='word_1_196' title='bbox 2551 2940 2733 2982; x_wconf 89' lang='lat' dir='ltr'><strong>crure</strong></span> 
     </span>
     <span class='ocr_line' id='line_1_25' title="bbox 433 3023 2733 3109; baseline 0 -22"><span class='ocrx_word' id='word_1_197' title='bbox 433 3024 758 3088; x_wconf 89' lang='lat' dir='ltr'><strong>sedentem</strong></span> <span class='ocrx_word' id='word_1_198' title='bbox 805 3046 923 3108; x_wconf 91' lang='lat' dir='ltr'><strong>pro</strong></span> <span class='ocrx_word' id='word_1_199' title='bbox 974 3024 1288 3089; x_wconf 87' lang='lat' dir='ltr'><strong>tribunali</strong></span> <span class='ocrx_word' id='word_1_200' title='bbox 1332 3026 1577 3109; x_wconf 88' lang='lat' dir='ltr'><strong>pariter</strong></span> <span class='ocrx_word' id='word_1_201' title='bbox 1622 3025 1919 3088; x_wconf 90' lang='lat' dir='ltr'><strong>adierunt</strong></span> <span class='ocrx_word' id='word_1_202' title='bbox 1966 3027 2222 3088; x_wconf 90' lang='lat' dir='ltr'><strong>orantes</strong></span> <span class='ocrx_word' id='word_1_203' title='bbox 2269 3046 2454 3109; x_wconf 93' lang='lat' dir='ltr'><strong>opem</strong></span> <span class='ocrx_word' id='word_1_204' title='bbox 2502 3023 2733 3088; x_wconf 87' lang='lat' dir='ltr'><strong>ualitu-</strong></span> 
     </span>
    </p>

    <p class='ocr_par' dir='ltr' id='par_1_9' title="bbox 353 3126 2806 3430">
     <span class='ocr_line' id='line_1_26' title="bbox 353 3126 2733 3216; baseline -0.001 -19"><span class='ocrx_word' id='word_1_205' title='bbox 353 3156 406 3197; x_wconf 80' lang='lat'><strong>25</strong></span> <span class='ocrx_word' id='word_1_206' title='bbox 435 3131 569 3195; x_wconf 92' lang='lat' dir='ltr'><strong>dini</strong></span> <span class='ocrx_word' id='word_1_207' title='bbox 617 3126 1116 3196; x_wconf 86' lang='lat' dir='ltr'><strong>demonstratam</strong></span> <span class='ocrx_word' id='word_1_208' title='bbox 1164 3154 1200 3194; x_wconf 93' lang='lat' dir='ltr'><strong>a</strong></span> <span class='ocrx_word' id='word_1_209' title='bbox 1239 3130 1544 3216; x_wconf 87' lang='lat' dir='ltr'><strong>Serapide</strong></span> <span class='ocrx_word' id='word_1_210' title='bbox 1589 3153 1707 3216; x_wconf 91' lang='lat' dir='ltr'><strong>per</strong></span> <span class='ocrx_word' id='word_1_211' title='bbox 1745 3133 2051 3214; x_wconf 84' lang='lat' dir='ltr'><strong>quietem:</strong></span> <span class='ocrx_word' id='word_1_212' title='bbox 2097 3133 2547 3195; x_wconf 88' lang='lat' dir='ltr'><strong>restituturum</strong></span> <span class='ocrx_word' id='word_1_213' title='bbox 2587 3152 2733 3196; x_wconf 92' lang='lat' dir='ltr'><strong>ocu-</strong></span> 
     </span>
     <span class='ocr_line' id='line_1_27' title="bbox 434 3236 2734 3324; baseline 0 -24"><span class='ocrx_word' id='word_1_214' title='bbox 434 3236 551 3321; x_wconf 77' lang='lat' dir='ltr'><strong>los,</strong></span> <span class='ocrx_word' id='word_1_215' title='bbox 616 3238 670 3301; x_wconf 91' lang='lat' dir='ltr'><strong>si</strong></span> <span class='ocrx_word' id='word_1_216' title='bbox 735 3239 1112 3324; x_wconf 83' lang='lat' dir='ltr'><strong>inspuisset3</strong></span> <span class='ocrx_word' id='word_1_217' title='bbox 1181 3239 1712 3303; x_wconf 89' lang='lat' dir='ltr'><strong>confirmaturum</strong></span> <span class='ocrx_word' id='word_1_218' title='bbox 1778 3259 1941 3322; x_wconf 80' lang='lat' dir='ltr'><strong>cruS,</strong></span> <span class='ocrx_word' id='word_1_219' title='bbox 2007 3239 2062 3301; x_wconf 92' lang='lat' dir='ltr'><strong>si</strong></span> <span class='ocrx_word' id='word_1_220' title='bbox 2128 3238 2501 3324; x_wconf 85' lang='lat' dir='ltr'><strong>dignaretur</strong></span> <span class='ocrx_word' id='word_1_221' title='bbox 2564 3238 2734 3303; x_wconf 92' lang='lat' dir='ltr'><strong>calce</strong></span> 
     </span>
     <span class='ocr_line' id='line_1_28' title="bbox 436 3345 2806 3430; baseline 0 -21"><span class='ocrx_word' id='word_1_222' title='bbox 436 3347 826 3430; x_wconf 87' lang='lat' dir='ltr'><strong>contingere.</strong></span> <span class='ocrx_word' id='word_1_223' title='bbox 918 3366 1063 3410; x_wconf 90' lang='lat' dir='ltr'><strong>cum</strong></span> <span class='ocrx_word' id='word_1_224' title='bbox 1109 3346 1219 3408; x_wconf 87' lang='lat' dir='ltr'><strong>uix</strong></span> <span class='ocrx_word' id='word_1_225' title='bbox 1276 3346 1434 3409; x_wconf 93' lang='lat' dir='ltr'><strong>fides</strong></span> <span class='ocrx_word' id='word_1_226' title='bbox 1481 3348 1648 3409; x_wconf 89' lang='lat' dir='ltr'><strong>esset</strong></span> <span class='ocrx_word' id='word_1_227' title='bbox 1694 3345 1829 3428; x_wconf 91' lang='lat' dir='ltr'><strong>ullo</strong></span> <span class='ocrx_word' id='word_1_228' title='bbox 1879 3346 2069 3409; x_wconf 93' lang='lat' dir='ltr'><strong>modo</strong></span> <span class='ocrx_word' id='word_1_229' title='bbox 2118 3368 2252 3410; x_wconf 91' lang='lat' dir='ltr'><strong>rem</strong></span> <span class='ocrx_word' id='word_1_230' title='bbox 2299 3365 2734 3408; x_wconf 90' lang='lat' dir='ltr'><strong>successuram</strong></span> <span class='ocrx_word' id='word_1_231' title='bbox 2775 3363 2806 3410; x_wconf 81' lang='lat'><strong>3</strong></span> 
     </span>
    </p>
   </div>
   <div class='ocr_carea' id='block_1_3' title="bbox 437 3455 861 3463">
    <p class='ocr_par' dir='ltr' id='par_1_10' title="bbox 437 3455 861 3463">
     <span class='ocr_line' id='line_1_29' title="bbox 437 3455 861 3463; baseline 0 1746"><span class='ocrx_word' id='word_1_232' title='bbox 437 3455 861 3463; x_wconf 95' lang='lat' dir='ltr'><strong> </strong></span> 
     </span>
    </p>
   </div>
   <div class='ocr_carea' id='block_1_4' title="bbox 434 3482 2737 3955">
    <p class='ocr_par' dir='ltr' id='par_1_11' title="bbox 434 3482 2737 3955">
     <span class='ocr_line' id='line_1_30' title="bbox 581 3482 2735 3552; baseline 0 -16"><span class='ocrx_word' id='word_1_233' title='bbox 581 3490 609 3536; x_wconf 83' lang='lat'><strong>7</strong></span> <span class='ocrx_word' id='word_1_234' title='bbox 659 3484 844 3539; x_wconf 80' lang='lat' dir='ltr'><strong>Victor</strong></span> <span class='ocrx_word' id='word_1_235' title='bbox 884 3485 1031 3539; x_wconf 81' lang='lat' dir='ltr'><strong>Caes.</strong></span> <span class='ocrx_word' id='word_1_236' title='bbox 1063 3490 1114 3551; x_wconf 81' lang='lat'><strong>9,</strong></span> <span class='ocrx_word' id='word_1_237' title='bbox 1137 3491 1209 3539; x_wconf 89' lang='grc'><strong>10</strong></span> <span class='ocrx_word' id='word_1_238' title='bbox 1256 3489 1317 3538; x_wconf 88' lang='lat' dir='ltr'><strong>at</strong></span> <span class='ocrx_word' id='word_1_239' title='bbox 1363 3484 1511 3538; x_wconf 92' lang='lat' dir='ltr'><strong>bello</strong></span> <span class='ocrx_word' id='word_1_240' title='bbox 1558 3501 1657 3539; x_wconf 86' lang='lat' dir='ltr'><strong>rex</strong></span> <span class='ocrx_word' id='word_1_241' title='bbox 1703 3484 2037 3538; x_wconf 85' lang='lat' dir='ltr'><strong>Parthorum</strong></span> <span class='ocrx_word' id='word_1_242' title='bbox 2074 3482 2385 3552; x_wconf 86' lang='lat' dir='ltr'><strong>Vologesus</strong></span> <span class='ocrx_word' id='word_1_243' title='bbox 2432 3483 2492 3535; x_wconf 93' lang='lat' dir='ltr'><strong>in</strong></span> <span class='ocrx_word' id='word_1_244' title='bbox 2537 3499 2735 3552; x_wconf 87' lang='lat' dir='ltr'><strong>pacem</strong></span> 
     </span>
     <span class='ocr_line' id='line_1_31' title="bbox 435 3563 2735 3634; baseline -0.002 -15"><span class='ocrx_word' id='word_1_245' title='bbox 435 3567 665 3620; x_wconf 86' lang='lat' dir='ltr'><strong>coactus</strong></span> <span class='ocrx_word' id='word_1_246' title='bbox 705 3565 856 3633; x_wconf 73' lang='lat' dir='ltr'><strong>(inde</strong></span> <span class='ocrx_word' id='word_1_247' title='bbox 885 3566 1082 3633; x_wconf 78' lang='lat' dir='ltr'><strong>paullo</strong></span> <span class='ocrx_word' id='word_1_248' title='bbox 1120 3567 1283 3619; x_wconf 80' lang='lat' dir='ltr'><strong>aliter</strong></span> <span class='ocrx_word' id='word_1_249' title='bbox 1322 3567 1479 3634; x_wconf 77' lang='lat' dir='ltr'><strong>Epit.</strong></span> <span class='ocrx_word' id='word_1_250' title='bbox 1511 3570 1565 3632; x_wconf 91' lang='lat'><strong>9,</strong></span> <span class='ocrx_word' id='word_1_251' title='bbox 1593 3568 1702 3634; x_wconf 78' lang='lat'><strong><em>12).</em></strong></span> <span class='ocrx_word' id='word_1_252' title='bbox 1926 3570 1989 3618; x_wconf 91' lang='grc'><strong>11</strong></span> <span class='ocrx_word' id='word_1_253' title='bbox 2031 3564 2217 3618; x_wconf 83' lang='lat' dir='ltr'><strong>Victor</strong></span> <span class='ocrx_word' id='word_1_254' title='bbox 2248 3564 2396 3619; x_wconf 69' lang='lat' dir='ltr'><strong>Gaea.</strong></span> <span class='ocrx_word' id='word_1_255' title='bbox 2424 3568 2478 3629; x_wconf 89' lang='grc'><strong>8,</strong></span> <span class='ocrx_word' id='word_1_256' title='bbox 2498 3567 2533 3617; x_wconf 89' lang='grc'><strong><em>5</em></strong></span> <span class='ocrx_word' id='word_1_257' title='bbox 2568 3563 2735 3616; x_wconf 89' lang='lat' dir='ltr'><strong>huius</strong></span> 
     </span>
     <span class='ocr_line' id='line_1_32' title="bbox 434 3643 2737 3714; baseline -0 -17"><span class='ocrx_word' id='word_1_258' title='bbox 434 3645 750 3714; x_wconf 86' lang='lat' dir='ltr'><strong>legatorum</strong></span> <span class='ocrx_word' id='word_1_259' title='bbox 788 3644 850 3709; x_wconf 87' lang='lat' dir='ltr'><strong>in</strong></span> <span class='ocrx_word' id='word_1_260' title='bbox 877 3644 1103 3698; x_wconf 91' lang='lat' dir='ltr'><strong>Italiam</strong></span> <span class='ocrx_word' id='word_1_261' title='bbox 1131 3648 1499 3713; x_wconf 85' lang='lat' dir='ltr'><strong>transgressu.</strong></span> <span class='ocrx_word' id='word_1_262' title='bbox 1625 3651 1690 3698; x_wconf 85' lang='lat'><strong>12</strong></span> <span class='ocrx_word' id='word_1_263' title='bbox 1735 3646 1884 3701; x_wconf 70' lang='lat' dir='ltr'><strong>Oroa</strong></span> <span class='ocrx_word' id='word_1_264' title='bbox 1918 3646 2042 3699; x_wconf 94' lang='lat' dir='ltr'><strong>VII</strong></span> <span class='ocrx_word' id='word_1_265' title='bbox 2062 3648 2115 3710; x_wconf 88' lang='lat'><strong>9,</strong></span> <span class='ocrx_word' id='word_1_266' title='bbox 2136 3648 2170 3697; x_wconf 89' lang='lat'><em>3</em></span> <span class='ocrx_word' id='word_1_267' title='bbox 2206 3660 2309 3712; x_wconf 88' lang='lat' dir='ltr'><strong>per</strong></span> <span class='ocrx_word' id='word_1_268' title='bbox 2334 3643 2737 3697; x_wconf 86' lang='lat' dir='ltr'><strong>Alexandriam</strong></span> 
     </span>
     <span class='ocr_line' id='line_1_33' title="bbox 435 3722 2735 3794; baseline -0.001 -17"><span class='ocrx_word' id='word_1_269' title='bbox 435 3725 720 3793; x_wconf 90' lang='lat' dir='ltr'><strong>profectus</strong></span> <span class='ocrx_word' id='word_1_270' title='bbox 750 3727 836 3778; x_wconf 88' lang='lat' dir='ltr'><strong>est</strong></span> <span class='ocrx_word' id='word_1_271' title='bbox 859 3725 1123 3790; x_wconf 89' lang='lat' dir='ltr'><strong>Romam;</strong></span> <span class='ocrx_word' id='word_1_272' title='bbox 1163 3725 1262 3777; x_wconf 90' lang='lat' dir='ltr'><strong>sed</strong></span> <span class='ocrx_word' id='word_1_273' title='bbox 1291 3725 1521 3794; x_wconf 86' lang='lat' dir='ltr'><strong>cognita</strong></span> <span class='ocrx_word' id='word_1_274' title='bbox 1549 3725 1943 3780; x_wconf 87' lang='lat' dir='ltr'><strong>interfectione</strong></span> <span class='ocrx_word' id='word_1_275' title='bbox 1962 3723 2161 3778; x_wconf 89' lang='lat' dir='ltr'><strong>Vitelli</strong></span> <span class='ocrx_word' id='word_1_276' title='bbox 2188 3723 2478 3792; x_wconf 83' lang='lat' dir='ltr'><strong>paulisper</strong></span> <span class='ocrx_word' id='word_1_277' title='bbox 2499 3722 2735 3778; x_wconf 83' lang='lat' dir='ltr'><strong>Alexan-</strong></span> 
     </span>
     <span class='ocr_line' id='line_1_34' title="bbox 438 3803 2736 3874; baseline -0.001 -17"><span class='ocrx_word' id='word_1_278' title='bbox 438 3804 594 3858; x_wconf 87' lang='lat' dir='ltr'><strong>driae</strong></span> <span class='ocrx_word' id='word_1_279' title='bbox 632 3804 891 3858; x_wconf 83' lang='lat' dir='ltr'><strong>substitit</strong></span> <span class='ocrx_word' id='word_1_280' title='bbox 929 3806 1108 3874; x_wconf 80' lang='lat' dir='ltr'><strong>(Hier.</strong></span> <span class='ocrx_word' id='word_1_281' title='bbox 1140 3806 1325 3860; x_wconf 73' lang='lat' dir='ltr'><strong>chron.</strong></span> <span class='ocrx_word' id='word_1_282' title='bbox 1354 3823 1407 3859; x_wconf 89' lang='lat' dir='ltr'><strong>a.</strong></span> <span class='ocrx_word' id='word_1_283' title='bbox 1436 3809 1590 3859; x_wconf 82' lang='lat'><em>2085</em></span> <span class='ocrx_word' id='word_1_284' title='bbox 1602 3812 1675 3874; x_wconf 88' lang='lat' dir='ltr'><strong>a).</strong></span> <span class='ocrx_word' id='word_1_285' title='bbox 1826 3810 1893 3858; x_wconf 83' lang='lat'><strong>19</strong></span> <span class='ocrx_word' id='word_1_286' title='bbox 1935 3806 2118 3859; x_wconf 80' lang='lat' dir='ltr'><strong>Victor</strong></span> <span class='ocrx_word' id='word_1_287' title='bbox 2157 3804 2306 3858; x_wconf 63' lang='lat' dir='ltr'><strong>Caco.</strong></span> <span class='ocrx_word' id='word_1_288' title='bbox 2337 3807 2392 3870; x_wconf 83' lang='grc'><strong>8,</strong></span> <span class='ocrx_word' id='word_1_289' title='bbox 2413 3808 2447 3858; x_wconf 86' lang='grc'><strong><em>5</em></strong></span> <span class='ocrx_word' id='word_1_290' title='bbox 2485 3803 2736 3871; x_wconf 81' lang='lat' dir='ltr'><strong>fusisque</strong></span> 
     </span>
     <span class='ocr_line' id='line_1_35' title="bbox 439 3883 1532 3955; baseline 0.004 -21"><span class='ocrx_word' id='word_1_291' title='bbox 439 3884 593 3951; x_wconf 91' lang='lat' dir='ltr'><strong>apud</strong></span> <span class='ocrx_word' id='word_1_292' title='bbox 631 3883 960 3938; x_wconf 86' lang='lat' dir='ltr'><strong>Cremonam</strong></span> <span class='ocrx_word' id='word_1_293' title='bbox 997 3885 1112 3939; x_wconf 89' lang='lat' dir='ltr'><strong>suis</strong></span> <span class='ocrx_word' id='word_1_294' title='bbox 1151 3885 1532 3955; x_wconf 77' lang='lat' dir='ltr'><strong>(Vitellianis).</strong></span> 
     </span>
    </p>
   </div>
   <div class='ocr_carea' id='block_1_5' title="bbox 436 4007 2743 4641">
    <p class='ocr_par' dir='ltr' id='par_1_12' title="bbox 436 4007 2743 4641">
     <span class='ocr_line' id='line_1_36' title="bbox 581 4007 2737 4081; baseline -0.001 -20"><span class='ocrx_word' id='word_1_295' title='bbox 581 4015 613 4062; x_wconf 92' lang='grc'>2</span> <span class='ocrx_word' id='word_1_296' title='bbox 653 4009 690 4081; x_wconf 87' lang='lat'>&lt;</span> <span class='ocrx_word' id='word_1_297' title='bbox 697 4009 859 4081; x_wconf 88' lang='lat' dir='ltr'><strong>siue&gt;</strong></span> <span class='ocrx_word' id='word_1_298' title='bbox 897 4026 1066 4064; x_wconf 89' lang='lat' dir='ltr'><strong>uerae</strong></span> <span class='ocrx_word' id='word_1_299' title='bbox 1107 4011 1163 4065; x_wconf 87' lang='grc' dir='ltr'><strong>Ο.</strong></span> <span class='ocrx_word' id='word_1_300' title='bbox 1194 4011 1264 4064; x_wconf 89' lang='lat' dir='ltr'><strong>F.</strong></span> <span class='ocrx_word' id='word_1_301' title='bbox 1289 4011 1370 4065; x_wconf 88' lang='lat' dir='ltr'><strong>W.</strong></span> <span class='ocrx_word' id='word_1_302' title='bbox 1406 4011 1617 4065; x_wconf 77' lang='lat' dir='ltr'><strong>Mitller</strong></span> <span class='ocrx_word' id='word_1_303' title='bbox 1815 4016 1850 4063; x_wconf 88' lang='lat'>4</span> <span class='ocrx_word' id='word_1_304' title='bbox 1886 4009 2166 4062; x_wconf 88' lang='lat' dir='ltr'><strong>hortantis</strong></span> <span class='ocrx_word' id='word_1_305' title='bbox 2197 4026 2229 4068; x_wconf 90' lang='grc' dir='ltr'><strong><em>ς</em></strong></span> <span class='ocrx_word' id='word_1_306' title='bbox 2265 4010 2363 4078; x_wconf 82' lang='lat' dir='ltr'><strong>(sic</strong></span> <span class='ocrx_word' id='word_1_307' title='bbox 2399 4010 2489 4062; x_wconf 78' lang='lat' dir='ltr'><strong>uel</strong></span> <span class='ocrx_word' id='word_1_308' title='bbox 2525 4007 2737 4062; x_wconf 83' lang='lat' dir='ltr'><strong>orantis</strong></span> 
     </span>
     <span class='ocr_line' id='line_1_37' title="bbox 440 4087 2743 4160; baseline -0.001 -17"><span class='ocrx_word' id='word_1_309' title='bbox 440 4090 691 4160; x_wconf 79' lang='lat' dir='ltr'><strong>Bentley)</strong></span> <span class='ocrx_word' id='word_1_310' title='bbox 838 4095 870 4141; x_wconf 83' lang='lat'><strong>6</strong></span> <span class='ocrx_word' id='word_1_311' title='bbox 907 4090 1310 4159; x_wconf 85' lang='lat' dir='ltr'><strong>melioremque</strong></span> <span class='ocrx_word' id='word_1_312' title='bbox 1339 4108 1372 4150; x_wconf 84' lang='grc' dir='ltr'>ς</span> <span class='ocrx_word' id='word_1_313' title='bbox 1529 4098 1557 4144; x_wconf 84' lang='grc'><strong>7</strong></span> <span class='ocrx_word' id='word_1_314' title='bbox 1596 4089 1952 4143; x_wconf 89' lang='lat' dir='ltr'><strong>municianus</strong></span> <span class='ocrx_word' id='word_1_315' title='bbox 1981 4093 2039 4142; x_wconf 87' lang='lat' dir='ltr'><em>X</em></span> <span class='ocrx_word' id='word_1_316' title='bbox 2186 4093 2218 4141; x_wconf 93' lang='lat'>8</span> <span class='ocrx_word' id='word_1_317' title='bbox 2254 4088 2553 4158; x_wconf 85' lang='lat' dir='ltr'><strong>uologesus</strong></span> <span class='ocrx_word' id='word_1_318' title='bbox 2594 4087 2743 4142; x_wconf 76' lang='lat' dir='ltr'><strong>GTS</strong></span> 
     </span>
     <span class='ocr_line' id='line_1_38' title="bbox 442 4167 2742 4240; baseline 0 -18"><span class='ocrx_word' id='word_1_319' title='bbox 442 4175 507 4222; x_wconf 83' lang='lat'><strong>12</strong></span> <span class='ocrx_word' id='word_1_320' title='bbox 546 4168 751 4221; x_wconf 86' lang='lat' dir='ltr'><strong>transit</strong></span> <span class='ocrx_word' id='word_1_321' title='bbox 787 4169 942 4226; x_wconf 83' lang='lat' dir='ltr'><strong>LST</strong></span> <span class='ocrx_word' id='word_1_322' title='bbox 982 4173 1116 4239; x_wconf 77' lang='lat' dir='ltr'><strong>(non</strong></span> <span class='ocrx_word' id='word_1_323' title='bbox 1151 4173 1223 4240; x_wconf 91' lang='lat' dir='ltr'><strong>P)</strong></span> <span class='ocrx_word' id='word_1_324' title='bbox 1443 4177 1508 4223; x_wconf 86' lang='lat'><strong>13</strong></span> <span class='ocrx_word' id='word_1_325' title='bbox 1547 4169 1879 4224; x_wconf 84' lang='lat' dir='ltr'><strong>infirmitate</strong></span> <span class='ocrx_word' id='word_1_326' title='bbox 1921 4169 2025 4240; x_wconf 74' lang='lat' dir='ltr'><strong>GQ</strong></span> <span class='ocrx_word' id='word_1_327' title='bbox 2241 4174 2306 4221; x_wconf 87' lang='lat'><strong>15</strong></span> <span class='ocrx_word' id='word_1_328' title='bbox 2360 4185 2417 4223; x_wconf 88' lang='lat' dir='ltr'><strong>se</strong></span> <span class='ocrx_word' id='word_1_329' title='bbox 2465 4186 2566 4223; x_wconf 89' lang='lat' dir='ltr'><strong>om.</strong></span> <span class='ocrx_word' id='word_1_330' title='bbox 2606 4167 2742 4238; x_wconf 76' lang='lat' dir='ltr'><strong>IPQ</strong></span> 
     </span>
     <span class='ocr_line' id='line_1_39' title="bbox 441 4247 2737 4319; baseline -0.001 -17"><span class='ocrx_word' id='word_1_331' title='bbox 441 4254 506 4302; x_wconf 86' lang='grc'><strong>16</strong></span> <span class='ocrx_word' id='word_1_332' title='bbox 544 4249 842 4303; x_wconf 87' lang='lat' dir='ltr'><strong>bassilides</strong></span> <span class='ocrx_word' id='word_1_333' title='bbox 875 4252 972 4305; x_wconf 82' lang='grc' dir='ltr'><strong>Με</strong></span> <span class='ocrx_word' id='word_1_334' title='bbox 1117 4250 1356 4305; x_wconf 90' lang='lat' dir='ltr'><strong>libertus</strong></span> <span class='ocrx_word' id='word_1_335' title='bbox 1394 4252 1495 4305; x_wconf 83' lang='lat' dir='ltr'><strong>del.</strong></span> <span class='ocrx_word' id='word_1_336' title='bbox 1543 4251 1716 4317; x_wconf 59' lang='lat' dir='ltr'><strong>Toron,</strong></span> <span class='ocrx_word' id='word_1_337' title='bbox 1763 4249 1988 4304; x_wconf 87' lang='lat' dir='ltr'><strong>uberius</strong></span> <span class='ocrx_word' id='word_1_338' title='bbox 2027 4251 2276 4319; x_wconf 74' lang='lat' dir='ltr'><strong>Bentley,</strong></span> <span class='ocrx_word' id='word_1_339' title='bbox 2322 4248 2555 4302; x_wconf 90' lang='lat' dir='ltr'><strong>liberius</strong></span> <span class='ocrx_word' id='word_1_340' title='bbox 2599 4247 2737 4304; x_wconf 77' lang='lat' dir='ltr'><strong><em>Oud.</em></strong></span> 
     </span>
     <span class='ocr_line' id='line_1_40' title="bbox 439 4328 2741 4402; baseline -0.001 -19"><span class='ocrx_word' id='word_1_341' title='bbox 439 4330 526 4398; x_wconf 80' lang='lat' dir='ltr'><strong>(cf.</strong></span> <span class='ocrx_word' id='word_1_342' title='bbox 574 4330 698 4384; x_wconf 85' lang='lat' dir='ltr'><strong>Tac.</strong></span> <span class='ocrx_word' id='word_1_343' title='bbox 737 4331 860 4384; x_wconf 78' lang='lat' dir='ltr'><strong>hist.</strong></span> <span class='ocrx_word' id='word_1_344' title='bbox 900 4333 1001 4386; x_wconf 92' lang='lat' dir='ltr'><strong>IV</strong></span> <span class='ocrx_word' id='word_1_345' title='bbox 1021 4333 1115 4399; x_wconf 80' lang='lat'><strong>82)</strong></span> <span class='ocrx_word' id='word_1_346' title='bbox 1255 4336 1321 4385; x_wconf 89' lang='lat'><strong>18</strong></span> <span class='ocrx_word' id='word_1_347' title='bbox 1359 4330 1521 4402; x_wconf 84' lang='lat' dir='ltr'><strong>gredi</strong></span> <span class='ocrx_word' id='word_1_348' title='bbox 1557 4337 1607 4385; x_wconf 84' lang='lat' dir='ltr'><strong>ct</strong></span> <span class='ocrx_word' id='word_1_349' title='bbox 1643 4330 1705 4383; x_wconf 89' lang='lat' dir='ltr'><strong>in</strong></span> <span class='ocrx_word' id='word_1_350' title='bbox 1742 4348 1813 4385; x_wconf 82' lang='lat'><strong>88.</strong></span> <span class='ocrx_word' id='word_1_351' title='bbox 1853 4332 1908 4386; x_wconf 81' lang='lat' dir='ltr'><em>R</em></span> <span class='ocrx_word' id='word_1_352' title='bbox 2043 4346 2102 4384; x_wconf 88' lang='lat' dir='ltr'><strong>se</strong></span> <span class='ocrx_word' id='word_1_353' title='bbox 2142 4330 2336 4383; x_wconf 87' lang='lat' dir='ltr'><strong>abesse</strong></span> <span class='ocrx_word' id='word_1_354' title='bbox 2377 4330 2501 4395; x_wconf 67' lang='lat' dir='ltr'><strong>Mo,</strong></span> <span class='ocrx_word' id='word_1_355' title='bbox 2543 4328 2741 4381; x_wconf 88' lang='lat' dir='ltr'><strong>abesse</strong></span> 
     </span>
     <span class='ocr_line' id='line_1_41' title="bbox 437 4408 2741 4482; baseline -0.001 -19"><span class='ocrx_word' id='word_1_356' title='bbox 437 4427 495 4463; x_wconf 90' lang='lat' dir='ltr'><strong>se</strong></span> <span class='ocrx_word' id='word_1_357' title='bbox 533 4409 673 4465; x_wconf 64' lang='lat' dir='ltr'><strong>H‘R</strong></span> <span class='ocrx_word' id='word_1_358' title='bbox 712 4412 768 4479; x_wconf 90' lang='lat' dir='ltr'><strong>(a</strong></span> <span class='ocrx_word' id='word_1_359' title='bbox 805 4410 975 4480; x_wconf 88' lang='lat' dir='ltr'><strong>longo</strong></span> <span class='ocrx_word' id='word_1_360' title='bbox 1014 4412 1265 4479; x_wconf 88' lang='lat' dir='ltr'><strong>tempore</strong></span> <span class='ocrx_word' id='word_1_361' title='bbox 1302 4428 1467 4480; x_wconf 87' lang='lat' dir='ltr'><strong>posse</strong></span> <span class='ocrx_word' id='word_1_362' title='bbox 1505 4412 1758 4482; x_wconf 74' lang='lat' dir='ltr'><strong>Bentley)</strong></span> <span class='ocrx_word' id='word_1_363' title='bbox 1922 4411 2011 4481; x_wconf 90' lang='lat' dir='ltr'><strong>ac]</strong></span> <span class='ocrx_word' id='word_1_364' title='bbox 2050 4412 2110 4464; x_wconf 84' lang='lat' dir='ltr'><strong>et</strong></span> <span class='ocrx_word' id='word_1_365' title='bbox 2148 4411 2224 4464; x_wconf 88' lang='lat' dir='ltr'><em>M</em></span> <span class='ocrx_word' id='word_1_366' title='bbox 2391 4414 2456 4462; x_wconf 85' lang='lat'><strong>21</strong></span> <span class='ocrx_word' id='word_1_367' title='bbox 2497 4411 2562 4461; x_wconf 89' lang='lat' dir='ltr'><strong>ut</strong></span> <span class='ocrx_word' id='word_1_368' title='bbox 2599 4408 2741 4462; x_wconf 84' lang='lat' dir='ltr'><strong>solet</strong></span> 
     </span>
     <span class='ocr_line' id='line_1_42' title="bbox 436 4488 2741 4551; baseline -0.001 -8"><span class='ocrx_word' id='word_1_369' title='bbox 436 4490 550 4543; x_wconf 84' lang='lat' dir='ltr'><strong>cod.</strong></span> <span class='ocrx_word' id='word_1_370' title='bbox 585 4491 735 4544; x_wconf 83' lang='lat' dir='ltr'><strong>Torr.</strong></span> <span class='ocrx_word' id='word_1_371' title='bbox 886 4496 952 4543; x_wconf 83' lang='grc'>23</span> <span class='ocrx_word' id='word_1_372' title='bbox 992 4491 1196 4544; x_wconf 90' lang='lat' dir='ltr'><strong>debilis</strong></span> <span class='ocrx_word' id='word_1_373' title='bbox 1224 4491 1323 4551; x_wconf 85' lang='grc' dir='ltr'><strong>Ης</strong></span> <span class='ocrx_word' id='word_1_374' title='bbox 1460 4498 1528 4545; x_wconf 81' lang='grc'>24</span> <span class='ocrx_word' id='word_1_375' title='bbox 1567 4491 1855 4545; x_wconf 89' lang='lat' dir='ltr'><strong>sedentem</strong></span> <span class='ocrx_word' id='word_1_376' title='bbox 1893 4508 1994 4545; x_wconf 84' lang='lat' dir='ltr'><strong>om.</strong></span> <span class='ocrx_word' id='word_1_377' title='bbox 2025 4492 2140 4546; x_wconf 84' lang='lat' dir='ltr'><strong>HR</strong></span> <span class='ocrx_word' id='word_1_378' title='bbox 2282 4488 2620 4542; x_wconf 89' lang='lat' dir='ltr'><strong>ualitudinis</strong></span> <span class='ocrx_word' id='word_1_379' title='bbox 2649 4492 2741 4549; x_wconf 79' lang='grc' dir='ltr'><strong>Πς</strong></span> 
     </span>
     <span class='ocr_line' id='line_1_43' title="bbox 438 4552 2728 4641; baseline 0.002 -19"><span class='ocrx_word' id='word_1_380' title='bbox 438 4574 505 4622; x_wconf 83' lang='grc'>25</span> <span class='ocrx_word' id='word_1_381' title='bbox 544 4570 601 4640; x_wconf 88' lang='lat' dir='ltr'><strong>a]</strong></span> <span class='ocrx_word' id='word_1_382' title='bbox 641 4586 709 4623; x_wconf 87' lang='lat' dir='ltr'><strong>ac</strong></span> <span class='ocrx_word' id='word_1_383' title='bbox 748 4572 824 4625; x_wconf 89' lang='lat' dir='ltr'><strong><em>M</em></strong></span> <span class='ocrx_word' id='word_1_384' title='bbox 962 4575 1029 4623; x_wconf 85' lang='grc'>26</span> <span class='ocrx_word' id='word_1_385' title='bbox 1069 4571 1118 4624; x_wconf 87' lang='lat' dir='ltr'><strong>si</strong></span> <span class='ocrx_word' id='word_1_386' title='bbox 1157 4574 1306 4641; x_wconf 78' lang='lat' dir='ltr'><strong>(post</strong></span> <span class='ocrx_word' id='word_1_387' title='bbox 1341 4571 1551 4641; x_wconf 87' lang='lat' dir='ltr'><strong>oculos)</strong></span> <span class='ocrx_word' id='word_1_388' title='bbox 1589 4588 1691 4626; x_wconf 86' lang='lat' dir='ltr'><strong>om.</strong></span> <span class='ocrx_word' id='word_1_389' title='bbox 1725 4571 1822 4625; x_wconf 85' lang='lat' dir='ltr'><strong>M¹</strong></span> <span class='ocrx_word' id='word_1_390' title='bbox 2709 4552 2728 4597; x_wconf 66' lang='lat'><strong>&#39;¹</strong></span> 
     </span>
    </p>
   </div>
   <div class='ocr_carea' id='block_1_6' title="bbox 441 3978 642 3984">
    <p class='ocr_par' dir='ltr' id='par_1_13' title="bbox 441 3978 642 3984">
     <span class='ocr_line' id='line_1_44' title="bbox 441 3978 642 3984; baseline 0 0"><span class='ocrx_word' id='word_1_391' title='bbox 441 3978 642 3984; x_wconf 95' lang='lat' dir='ltr'><strong> </strong></span> 
     </span>
    </p>
   </div>
   <div class='ocr_carea' id='block_1_7' title="bbox 645 3980 866 3985">
    <p class='ocr_par' dir='ltr' id='par_1_14' title="bbox 645 3980 866 3985">
     <span class='ocr_line' id='line_1_45' title="bbox 645 3980 866 3985; baseline 0 0"><span class='ocrx_word' id='word_1_392' title='bbox 645 3980 866 3985; x_wconf 95' lang='lat' dir='ltr'><strong> </strong></span> 
     </span>
    </p>
   </div>
  </div>
 </body>
</html>
