3325 5209
1198 415 1530 470 TIBERIVS
1570 427 1701 476 [off.
1732 427 1906 477 59—61]
2574 416 2702 480 153

407 601 537 664 cer3
595 578 1106 643 animaduersum
1153 580 1219 643 in
1267 579 1577 662 quosdam
1625 579 1885 644 ineunte
1934 601 2099 643 anno
2145 601 2334 644 nouo,
2419 579 2699 644 accusati

407 685 816 768 damnatique
882 685 1071 750 multi
1137 708 1281 750 cum
1356 686 1576 751 liberis
1647 692 1841 769 atque
1904 686 2098 751 etiam
2162 709 2199 750 a
2263 685 2482 750 liberis
2549 686 2697 751 suiS.

408 792 821 857 interdictum
877 815 956 856 ne
1014 794 1223 877 capite
1280 793 1611 859 damnatos
1660 794 2010 878 propinqui
2054 793 2364 879 lugerent.
2449 794 2701 858 decreta

407 899 885 964 accusatoribus
949 900 1299 983 praecipua
1361 901 1672 985 praemia,
1734 923 2216 983 nonnumquam
2282 904 2346 963 et
2409 899 2699 965 testibus.

353 1035 376 1072 5
406 1006 646 1070 nemini
704 1006 1059 1071 delatorum
1115 1007 1272 1071 fides
1330 1007 1655 1092 abrogata.
1742 1029 1929 1072 omne
1986 1008 2223 1071 crimen
2270 1029 2387 1091 pro
2437 1006 2700 1091 capitali
2740 1025 2776 1072 3

404 1118 760 1196 receptum,
824 1115 1015 1177 etiam
1079 1136 1431 1197 paucorum
1497 1114 2013 1199 simpliciumque
2073 1114 2434 1178 uerborum.
2530 1114 2700 1178 obie-

407 1225 581 1284 ctum
639 1225 736 1284 est
788 1224 1044 1305 poetae,
1100 1222 1273 1304 quod
1328 1221 1394 1284 in
1449 1222 1782 1308 tragoedia
1837 1219 2389 1307 Agamemnonem
2444 1220 2699 1304 probris

404 1325 787 1411 lacessisset3
843 1325 1166 1390 obiectum
1223 1332 1287 1391 et
1340 1326 1679 1411 historico,
1735 1327 1908 1411 quod
1962 1327 2235 1392 Brutum
2284 1326 2701 1410 Cassiumque

406 1432 668 1497 ultimos
715 1431 1152 1497 Romanorum
1200 1434 1491 1518 dixisset3
1539 1434 2053 1499 animaduersum
2104 1435 2321 1499 statim
2369 1433 2437 1497 in
2485 1437 2700 1497 aucto-

327 1567 378 1607 10
405 1561 505 1603 res
553 1539 915 1623 scriptaque
962 1539 1231 1622 abolita,
1288 1542 1581 1623 quamuis
1628 1542 2057 1626 probarentur
2101 1545 2251 1605 ante
2298 1539 2548 1623 aliquot
2594 1563 2701 1605 an-

404 1667 522 1710 nos
588 1645 781 1710 etiam
837 1646 1135 1732 Augusto
1201 1647 1497 1711 audiente
1551 1649 1834 1712 recitata.
1928 1648 2311 1731 quibusdam
2371 1642 2698 1712 custodiae
2736 1668 2776 1714 4

404 1753 657 1817 traditis
713 1775 844 1817 non
898 1753 1089 1817 modo
1148 1753 1446 1818 studendi
1511 1753 1818 1819 solacium
1882 1754 2278 1839 ademptum,
2340 1754 2450 1819 sed
2506 1755 2701 1818 etiam

408 1860 715 1924 sermonis
772 1864 836 1923 et
891 1861 1194 1943 conloqui
1247 1883 1420 1925 usus.
1506 1860 1690 1926 citati
1743 1862 1826 1925 ad
1881 1882 2135 1925 causam
2183 1861 2514 1925 dicendam
2561 1883 2700 1944 par-

406 1966 524 2031 tim
563 1987 630 2031 se
669 1966 842 2030 domi
877 1966 1379 2031 uulnerauerunt
1414 1968 1571 2031 certi
1609 1967 2038 2032 damnationis
2078 1972 2142 2031 et
2174 1968 2257 2032 ad
2292 1968 2702 2032 uexationem

328 2100 378 2140 15
408 2073 953 2159 ignominiamque
989 2074 1336 2159 uitandam,
1372 2075 1609 2158 partim
1647 2075 1716 2137 in
1752 2074 1962 2138 media
1991 2075 2166 2139 curia
2192 2096 2512 2138 uenenum
2549 2074 2703 2138 hau-

408 2185 651 2265 serunt3
708 2185 772 2244 et
825 2185 1038 2244 tamen
1096 2178 1435 2266 conligatis
1491 2180 1868 2245 uulneribus
1925 2202 2000 2245 ac
2046 2181 2449 2246 semianimes
2496 2181 2702 2265 palpi-

406 2291 742 2370 tantesque
788 2287 996 2351 adhuc
1046 2288 1114 2351 in
1162 2309 1477 2353 carcerem
1522 2288 1712 2372 rapti.
1794 2308 1984 2352 nemo
2030 2287 2408 2371 punitorum
2455 2309 2587 2351 non
2633 2288 2702 2350 in

410 2393 750 2459 Gemonias
806 2395 1091 2459 abiectus
1148 2415 1441 2477 uncoque
1495 2397 1766 2478 tractus,
1829 2393 2068 2480 uiginti
2122 2416 2252 2458 uno
2309 2394 2409 2458 die
2467 2394 2704 2458 abiecti

406 2502 738 2585 tractique,
784 2502 954 2565 inter
989 2523 1097 2566 eos
1136 2501 1410 2565 feminae
1449 2506 1512 2566 et
1551 2502 1748 2586 pueri.
1823 2500 2201 2565 immaturae
2238 2500 2509 2585 puellae,
2547 2501 2702 2585 quia
2742 2520 2776 2568 5

330 2635 382 2674 20
410 2631 586 2673 more
641 2610 876 2674 tradito
934 2609 1114 2673 nefas
1171 2613 1340 2674 esset
1394 2608 1680 2694 uirgines
1738 2608 2158 2695 strangulari,
2213 2608 2480 2673 uitiatae
2526 2609 2708 2692 prius

412 2740 449 2779 a
494 2716 819 2795 carnifice,
875 2716 1024 2780 dein
1078 2715 1532 2802 strangulatae.
1606 2716 1783 2788 ,mori
1837 2716 2208 2780 uolentibus
2263 2715 2364 2779 uis
2417 2714 2711 2779 adhibita

410 2823 691 2887 uiuendi.
773 2845 943 2897 nam,
970 2827 1243 2887 mortem
1292 2822 1448 2886 adeo
1494 2822 1636 2886 leue
1685 2822 2075 2907 supplicium
2112 2822 2405 2907 putabat,
2448 2826 2525 2885 ut
2562 2844 2708 2886 cum

413 2930 695 2994 audisset
741 2952 942 2994 unum
990 2951 1024 2993 e
1071 2930 1217 3013 reiS,
1265 2928 1616 2993 Carnulum
1651 2931 1930 3012 nomine,
1978 2928 2363 3014 anticipasse
2402 2950 2559 3012 eam,
2606 2952 2710 2994 ex-

412 3036 811 3101 clamauerit:
851 3034 1228 3101 Carnulus
1270 3058 1379 3100 me
1417 3036 1683 3102 euasit.
1746 3040 1811 3100 et
1838 3036 1907 3099 in
1936 3037 2471 3122 recognoscendis
2501 3039 2711 3101 custo-

336 3170 386 3209 25
416 3144 539 3208 diis
586 3143 876 3229 precanti
923 3144 1177 3208 cuidam
1210 3164 1456 3227 poenae
1495 3144 1937 3208 maturitatem
1975 3143 2334 3228 respondit:
2381 3143 2711 3208 nondum

412 3254 660 3314 tecum
709 3249 784 3313 in
832 3251 1160 3335 gratiam
1207 3250 1417 3314 redii.
1503 3248 1839 3314 annalibus
1888 3250 2019 3315 suis
2066 3250 2170 3313 uir
2216 3249 2571 3314 consularis
2618 3250 2711 3312 in-
2750 3267 2788 3314 6

415 3358 630 3439 seruit,
675 3356 996 3440 frequenti
1047 3357 1322 3442 quodam
1371 3356 1705 3440 conuiuio,
1752 3356 1857 3420 cui
1903 3360 1967 3420 et
2013 3357 2151 3441 ipse
2197 3357 2473 3440 affuerit,
2519 3356 2711 3422 inter-

560 3594 584 3639 1
628 3602 774 3640 nouo
803 3604 904 3641 om.
931 3587 982 3641 G
1126 3592 1155 3638 2
1189 3602 1315 3639 cum
1347 3585 1541 3638 liberis
1570 3587 1693 3654 (om.
1728 3585 1825 3655 Qs,
1868 3602 1995 3638 cum
2024 3602 2124 3640 om.
2155 3585 2348 3655 11¹)sz,
2389 3602 2516 3638 cum
2544 3584 2711 3638 liber-

413 3666 488 3719 tis
517 3667 679 3734 Roth,
719 3683 847 3720 cum
875 3665 1209 3735 coniugibus
1239 3683 1271 3724 ς
1293 3667 1509 3735 (Polak)
1647 3682 1681 3718 a
1719 3665 1911 3719 liberis
1934 3667 2060 3721 ΜΘ
2073 3667 2134 3734 V,
2172 3666 2365 3719 liberis
2386 3670 2444 3718 X
2445 3668 2492 3718 ‘I’
2508 3666 2718 3735 (Roth),

415 3747 679 3800 uxoribus
719 3763 752 3805 ς
790 3748 889 3816 (ed.
922 3747 1079 3801 Rom.
1101 3748 1194 3812 ΙΙ,
1224 3747 1417 3817 uuly.),
1455 3763 1555 3801 om.
1589 3748 1732 3815 (eum
1758 3764 1862 3814 seq.
1892 3747 2027 3816 suis)
2058 3768 2088 3814 ρ
2238 3751 2265 3798 7
2306 3751 2712 3815 agamemnone

415 3843 550 3881 corr.
581 3844 647 3880 erc
684 3826 1078 3895 agamemnoni
1118 3829 1192 3881 M
1226 3829 1313 3895 (m.
1348 3826 1468 3895 1.9)‚
1517 3842 1965 3896 agamennonem
2003 3830 2340 3895 (-menonem
2374 3828 2505 3895 LT)
2541 3826 2719 3892 GXY,

417 3908 835 3975 Agamemnone
865 3906 1263 3979 (principem)
1296 3908 1583 3962 &Becker
1703 3907 1946 3976 propriis
1979 3909 2053 3960 Μ
2051 3906 2236 3962 LPse
2264 3907 2419 3975 (corr.
2443 3905 2557 3975 12²),
2588 3922 2716 3974 pro-

417 3984 555 4039 briis
575 3986 640 4052 V,
660 4002 760 4040 om.
773 3990 836 4040 Π
939 3992 971 4040 8
991 3986 1312 4040 incessisset
1331 3989 1440 4055 (uel
1450 3986 1861 4056 Agamemnoni
1880 3987 2086 4055 probra
2104 3986 2452 4057 ingessisset)
2465 3987 2719 4055 Bentley,

419 4066 723 4119 lacerasset
751 4067 983 4135 Lipsius
1129 4072 1190 4118 11
1234 4066 1491 4120 custodia
1521 4068 1596 4120 M
1604 4068 1717 4132 VT,
1746 4066 1805 4118 in
1834 4065 2090 4118 custodia
2120 4068 2154 4119 ὃ
2302 4073 2367 4119 14
2407 4068 2464 4119 et
2492 4070 2550 4118 X
2553 4065 2585 4131 '‚
2617 4066 2716 4119 sed

423 4146 624 4211 Mar,
673 4147 771 4199 sed
809 4149 865 4199 et
907 4147 1176 4201 Graevzus
1399 4152 1461 4199 17
1502 4164 1615 4200 non
1651 4146 1711 4198 in
1743 4148 1828 4213 M,
1866 4161 1978 4198 non
2016 4149 2074 4200 et
2109 4145 2169 4198 in
2211 4148 2324 4213 rel„
2360 4148 2487 4213 fort.
2518 4148 2721 4200 rectius

423 4231 488 4279 18
525 4226 778 4280 obiectus
805 4230 862 4280 X
867 4226 880 4244 ‘
1038 4244 1323 4282 numerum
1342 4230 1450 4295 (xx·
1473 4227 1546 4295 R)
1585 4233 1900 4294 corruptum
1939 4233 2146 4294 putant
2188 4228 2351 4281 multi
2508 4226 2718 4280 abiecti

417 4307 699 4375 tractique
736 4307 837 4362 del.
874 4308 1027 4361 Torr.
1152 4312 1219 4359 20
1256 4307 1564 4361 traditione
1596 4305 1683 4359 fas
1716 4308 1789 4360 M
1798 4307 1895 4371 Va,
1932 4306 2258 4360 traditionis
2296 4306 2382 4360 fas
2415 4307 2466 4361 G
2576 4313 2641 4359 21
2684 4324 2722 4362 a

418 4404 518 4443 om.
543 4388 669 4441 Me*
683 4389 801 4442 Vas
945 4393 1013 4440 23
1053 4387 1331 4441 carrulum
1359 4386 1550 4441 RP'T
1691 4403 1813 4439 eam
1844 4388 1998 4454 (corr.
2028 4404 2097 4440 m.
2121 4392 2152 4440 1
2182 4404 2248 4440 εει)
2279 4386 2409 4452 iam,
2449 4388 2552 4441 uix
2579 4390 2716 4457 tam)

419 4468 836 4521 exclamauerat
859 4470 934 4522 M
1056 4473 1124 4520 24
1153 4467 1404 4520 carrulus
1427 4469 1500 4521 M
1510 4467 1611 4522 VR
1619 4465 1836 4532 POST,
1858 4481 2012 4519 carn·
2034 4483 2155 4520 eum
2179 4467 2393 4537 GLHQ
2413 4469 2576 4520 etiam
2595 4468 2729 4521 HN

420 4552 485 4600 27
526 4548 812 4617 quoddam
835 4550 931 4615 M,
968 4548 1251 4617 quondam
1276 4548 1407 4614 64⁸3,
1444 4546 1562 4600 edd.
1595 4548 1723 4601 Ve‘n.
1745 4547 1788 4598 I
1818 4552 1868 4599 et
1897 4548 2185 4615 pleraeque
2321 4545 2562 4600 affuerat
2603 4546 2649 4616 Q
