3325 5209
1234 417 1565 472 TIBERIVS
1606 430 1737 477 [off.
1769 429 1944 478 28—32]
2605 416 2727 479 137

432 579 683 642 decerni
739 602 821 643 ne
869 585 1131 663 questus
1181 581 1439 664 quidem
1487 585 1600 645 est.
1682 585 1959 666 negante
2005 602 2079 644 eo
2129 580 2480 645 destinatos
2530 580 2729 664 magi-

432 688 668 749 stratus
724 686 946 750 abesse
1003 692 1326 771 oportere,
1392 692 1465 752 ut
1518 691 1883 771 praesentes
1938 687 2172 751 honori
2232 687 2733 770 adquiescerent,

431 796 690 875 praetor
763 793 1132 878 designatus
1206 795 1475 859 liberam
1549 795 1939 880 legationem
2006 795 2393 877 impetrauit.
2495 793 2727 856 iterum

435 903 749 982 censente,
794 905 868 964 ut
914 899 1246 965 Trebianis
1291 902 1572 987 legatam
1619 902 1688 964 in
1727 923 1891 985 opus
1927 902 2082 965 noui
2120 901 2355 964 theatri
2391 900 2729 984 pecuniam

380 1030 403 1069 5
434 1005 513 1067 ad
560 1006 982 1071 munitionem
1028 1008 1172 1072 uiae
1217 1010 1564 1074 transferre
1604 1008 2075 1091 concederetur,
2124 1008 2413 1091 optinere
2450 1029 2580 1071 non
2617 1027 2731 1089 po-

433 1112 560 1175 tuit
626 1113 781 1195 quin
844 1118 985 1177 rata
1047 1115 1349 1179 uoluntas
1412 1115 1721 1200 legatoris
1787 1119 1970 1179 esset.
2056 1136 2202 1180 cum
2269 1119 2525 1177 senatus
2584 1134 2728 1178 con-

434 1218 676 1282 sultum
724 1241 839 1303 per
887 1221 1339 1287 discessionem
1385 1223 1553 1286 forte
1599 1222 1801 1304 fieret,
1846 1225 2287 1286 transeuntem
2335 1243 2482 1284 eum
2530 1220 2597 1283 in
2644 1218 2729 1282 al-

433 1330 635 1390 teram
682 1330 950 1411 partem,
997 1329 1066 1392 in
1113 1351 1239 1412 qua
1283 1328 1619 1413 pauciores
1668 1332 1868 1410 erant,
1916 1334 2170 1392 secutus
2219 1330 2317 1391 est
2362 1347 2569 1391 nem0.

614 1431 840 1498 Cetera
886 1456 1142 1518 quoque
1186 1457 1320 1499 non
1356 1435 1477 1498 nisi
1518 1456 1634 1519 per
1669 1433 2089 1520 magistratus
2128 1438 2193 1497 et
2230 1433 2368 1498 iure
2406 1432 2729 1497 ordinario
2770 1447 2803 1493 2

354 1565 406 1604 ιο
435 1539 813 1625 agebantur,
878 1544 1061 1605 tanta
1117 1542 1454 1607 consulum
1521 1540 1929 1623 auctoritate,
1993 1546 2067 1605 ut
2120 1541 2320 1625 legati
2385 1562 2459 1604 ex
2507 1538 2732 1604 Africa

427 1646 710 1709 'adierint
764 1669 875 1711 eos
935 1653 1300 1732 querenteS,
1366 1648 1538 1712 trahi
1603 1670 1670 1711 se
1727 1671 1764 1711 a
1821 1646 2088 1712 Caesare
2154 1648 2235 1711 ad
2292 1669 2484 1731 quem
2550 1646 2731 1711 missi

433 1753 662 1817 forent.
735 1775 853 1818 nec
906 1755 1170 1839 mirum,
1228 1777 1372 1820 cum
1421 1755 1634 1839 palam
1683 1759 1874 1838 esset,
1929 1755 2143 1839 ipsum
2191 1775 2446 1838 quoque
2492 1753 2731 1817 eisdem

435 1864 498 1923 et
545 1881 876 1945 assurgere
923 1865 987 1925 et
1034 1861 1335 1925 decedere
1381 1862 1505 1926 uia.
1592 1861 1905 1944 corripuit
1944 1860 2307 1925 consulares
2347 1860 2731 1924 exercitibus
2749 1855 2842 1920 32

435 1967 854 2051 praepositoS,
893 1968 1066 2051 quod
1101 1990 1232 2032 non
1271 1969 1347 2032 de
1386 1969 1576 2032 rebus
1613 1968 1813 2054 gestis
1853 1968 2103 2031 senatui
2141 1967 2495 2032 scriberent
2532 1966 2733 2049 quod-

357 2095 408 2135 15
438 2094 561 2155 que
617 2073 694 2137 de
750 2074 1110 2140 tribuendis
1168 2075 1554 2159 quibusdam
1607 2073 2001 2138 militaribus
2057 2074 2243 2138 donis
2301 2074 2382 2137 ad
2429 2095 2496 2137 se
2541 2073 2731 2136 refer-

436 2184 605 2265 rent,
671 2181 855 2263 quasi
925 2203 1056 2244 non
1123 2181 1411 2245 omnium
1478 2181 1969 2245 tribuendorum
2044 2180 2169 2264 ipsi
2239 2180 2339 2244 ius
2405 2180 2732 2244 haberent.

434 2292 794 2372 praetorem
833 2287 1263 2372 conlaudauit,
1310 2288 1483 2371 quod
1519 2287 1765 2351 honore
1804 2287 1966 2352 inito
2006 2287 2534 2351 consuetudinem
2574 2286 2732 2349 anti-

437 2416 629 2477 quam
682 2392 1134 2476 'ret<t>ulisset
1198 2394 1276 2457 de
1338 2394 1696 2458 maioribus
1765 2393 1897 2458 suis
1963 2415 2083 2478 pro
2141 2393 2441 2457 contione
2495 2413 2735 2456 memo·

435 2500 634 2564 randi.
719 2500 1122 2583 quorundam
1178 2501 1530 2565 illustrium
1586 2501 1888 2584 exequias
1945 2521 2152 2583 usque
2208 2500 2290 2563 ad
2334 2521 2566 2585 rogum
2613 2498 2735 2562 fre-

359 2626 411 2665 so
440 2607 790 2689 quentauit.

615 2713 844 2777 Parem
900 2714 1404 2779 moderationem
1466 2715 1826 2780 minoribus
1884 2735 2139 2798 quoque
2196 2719 2260 2778 et
2313 2713 2604 2798 personis
2671 2717 2735 2789 et
2773 2725 2806 2772 2

439 2820 629 2884 rebus
688 2819 996 2884 exhibuit.
1082 2842 1227 2885 cum
1283 2821 1687 2886 Rhodiorum
1746 2823 2192 2908 magistratus,
2259 2821 2431 2904 quod
2484 2820 2734 2885 litteras
2837 2802 2846 2811 ’

440 2927 729 3010 publicas
770 2928 907 2992 sine
947 2928 1420 3013 subscriptione
1458 2929 1539 2992 ad
1577 2950 1643 2993 se
1682 2928 2006 3010 dederant,
2043 2932 2388 3010 euocasset,
2425 2948 2505 2990 ne
2533 2928 2735 2991 uerbo

441 3032 697 3115 quidem
747 3033 1095 3099 insectatus
1141 3055 1216 3097 ac
1260 3038 1514 3097 tantum
1552 3033 1745 3097 modo
1784 3035 1991 3098 iussos
2032 3033 2433 3098 subscribere
2470 3034 2734 3097 remisit.

362 3157 413 3198 2⁵
441 3139 766 3225 Diogenes
814 3140 1274 3226 grammaticus
1284 3163 1307 3224 ‚·
1350 3140 1677 3225 disputare
1726 3139 2009 3204 sabbatis
2055 3139 2269 3204 Rhodi
2320 3140 2574 3225 solitus,
2630 3162 2736 3204 ue-

439 3247 721 3311 nientem
769 3269 934 3329 eum,
981 3252 1053 3311 ut
1101 3270 1166 3311 se
1214 3252 1394 3311 extra
1440 3246 1729 3310 ordinem
1777 3246 2051 3331 audiret,
2097 3268 2230 3310 non
2275 3247 2619 3311 admiserat
2665 3268 2739 3311 ac

441 3375 556 3437 per
611 3353 934 3418 seruolum
991 3377 1177 3418 suum
1234 3354 1301 3417 in
1357 3353 1705 3437 septimum
1761 3353 1931 3417 diem
1979 3353 2340 3438 distulerat3
2394 3354 2565 3417 hunc
2611 3352 2738 3418 Ro-

441 3481 582 3523 mae
629 3460 948 3525 salutandi
996 3462 1095 3525 sui
1143 3483 1335 3525 causa
1380 3483 1497 3545 pro
1548 3460 1801 3525 foribus
1848 3460 2206 3524 adstantem
2250 3461 2416 3524 nihil
2462 3461 2738 3544 amplius

443 3588 636 3649 quam
673 3570 746 3631 ut
782 3572 931 3651 post
966 3568 1314 3651 septimum
1351 3590 1590 3631 annum
1627 3567 1866 3630 rediret
1904 3567 2256 3631 admonuit.
2337 3568 2740 3651 praesidibus

586 3747 652 3795 29
694 3743 782 3811 (cf.
806 3746 894 3813 21)
929 3742 1079 3797 Oros.
1111 3743 1235 3796 VII
1255 3747 1307 3809 4,
1328 3748 1361 3796 4
1398 3742 1643 3811 plurima
1681 3742 1904 3811 imperii
1952 3742 2038 3795 sui
2075 3745 2237 3811 parte
2275 3760 2401 3796 cum
2437 3759 2646 3812 magna
2683 3746 2741 3797 et

445 3838 585 3892 grau
621 3822 900 3875 modestia
946 3822 1026 3876 rei
1063 3822 1330 3891 publicae
1376 3822 1650 3891 praefuit,
1700 3823 1840 3875 adeo
1887 3825 1956 3877 ut
2000 3822 2338 3890 quibusdam
2384 3823 2740 3891 praesidibus

445 3902 707 3971 augenda
743 3901 1052 3970 prouinciis
1089 3902 1304 3956 tributa
1343 3901 1709 3956 suadentibus
1738 3902 2026 3971 scripserit
2065 3902 2222 3957 ‘boni
2244 3936 2310 3943 —
2334 3903 2679 3974 deglubere’.

590 4067 620 4114 2
660 4062 856 4117 abesse
894 4080 927 4121 ς
965 4064 1069 4131 (ed.
1104 4064 1229 4116 Ven.
1252 4065 1331 4132 I),
1370 4062 1566 4116 adesse
1596 4064 1648 4114 ,Ω
1686 4069 1736 4116 et
1771 4063 1850 4117 sic
1886 4065 2119 4133 Bentley
2156 4065 2332 4133 leyens
2368 4067 2602 4133 rogante
2634 4081 2742 4133 pro

444 4145 688 4212 negante
799 4142 1196 4196 adsuescerent
1214 4144 1464 4213 Bentley,
1483 4143 1677 4197 Duker
1786 4147 1817 4194 3
1846 4143 2151 4211 imperauit
2173 4146 2306 4198 MV
2407 4151 2439 4197 4
2477 4143 2739 4197 tribianis

457 4223 516 4288 V,
555 4222 800 4275 trebiani
829 4223 900 4290 R,
939 4222 1212 4276 Trebanis
1242 4224 1473 4293 Bentley
1595 4228 1627 4274 ὅ
1656 4222 1902 4276 obtineri
1924 4224 2155 4279 Casaub.
2278 4225 2465 4293 potuit
2491 4222 2740 4291 Y'P²L⁸,

444 4302 605 4370 potui
621 4303 746 4356 Vin
763 4302 1296 4373 mary.‚optinuit.M
1307 4301 1625 4369 V,obtinuit
1639 4302 1853 4356 GL¹P¹
1927 4309 1957 4355 6
1974 4306 2042 4357 δέ
2056 4305 2127 4357 Μ
2198 4310 2263 4356 15
2283 4305 2555 4358 referrent
2571 4304 2739 4370 T'P2,

442 4381 655 4435 ferrent
682 4383 773 4436 rel.
891 4389 954 4435 16
988 4382 1099 4451 ipsi
1128 4382 1215 4436 ius
1242 4382 1639 4452 QV‘L2P2T6,
1669 4383 1847 4451 ipsius
1871 4383 2326 4452 MGV1(P1.9)S‚
2354 4384 2464 4453 ipsi
2496 4385 2589 4449 12¹,
2618 4385 2740 4453 ipse

443 4462 530 4516 ius
560 4470 608 4516 et
636 4469 751 4516 tum
779 4463 1016 4517 haberet
1032 4463 1141 4517 HR
1253 4468 1318 4516 18
1358 4462 1680 4517 conditione
1705 4466 1755 4516 Τ
1860 4468 1928 4515 24
1967 4479 2033 4516 ac
2061 4463 2239 4517 abesse
2266 4466 2480 4519 mauult
2514 4466 2667 4518 Torr.

444 4541 594 4596 iusso
628 4545 713 4608 M,
751 4542 906 4596 iussu
933 4544 1020 4598 G&
1132 4547 1196 4594 ‘28
1227 4545 1541 4596 aestantem
1562 4543 1631 4595 M
1640 4543 1674 4609 ¹,
1714 4546 1852 4596 asst·
1879 4543 1930 4597 G
2041 4548 2107 4595 29
2137 4545 2202 4596 ut
2228 4545 2328 4597 del.
2361 4545 2591 4614 Bentley
