3325 5209
1116 428 1335 483 DIVVS
1372 429 1609 484 IVLIVS
1648 441 1780 491 [cu.
1812 442 1987 490 23—26]
2619 426 2702 491 13

400 597 653 674 praeter
691 593 896 656 socias
943 613 1016 655 ac
1063 593 1223 656 bene
1260 595 1522 657 meritas
1571 592 1866 657 ciuitates
1914 595 1979 656 in
2018 592 2390 676 prouinciae
2428 592 2701 656 formam

399 699 665 784 redegit,
704 700 890 784 eique
930 688 1082 761 ῗεᾱῗ
1125 699 1194 761 in
1222 700 1512 783 singulos
1542 720 1745 763 annos
1776 700 2080 783 stipendii
2108 701 2369 763 nomine
2398 700 2702 782 inposuit.

404 805 761 870 Germanos
773 857 791 890 ,
846 809 958 889 qui
1014 811 1190 870 trans
1237 805 1536 870 Rhenum
1594 806 1912 889 incolunt,
1967 806 2215 890 primus
2261 805 2702 869 Romanorum

402 916 600 997 ponte
646 913 959 978 fabricato
1009 914 1347 998 adgressus
1391 914 1689 977 maximis
1728 913 1984 977 adfecit.
2003 913 2319 998 cladibus3
2365 912 2704 997 adgressus

348 1043 374 1080 5
405 1024 504 1084 est
540 1023 605 1083 et
633 1019 979 1084 Britannos
1016 1021 1275 1106 ignotos
1314 1023 1499 1083 antea
1538 1021 1982 1103 superatisque
2013 1019 2318 1101 pecunias
2347 1022 2411 1081 et
2451 1018 2705 1081 obsides

404 1128 773 1211 imperauit3
819 1148 936 1210 per
972 1131 1072 1190 tot
1119 1148 1449 1190 successus
1497 1130 1594 1189 ter
1637 1148 1756 1189 nec
1793 1125 2069 1208 amplius
2108 1126 2447 1188 aduersum
2487 1147 2705 1190 casum

407 1238 733 1317 expertus:
790 1233 856 1295 in
904 1233 1239 1297 Britannia
1286 1234 1486 1297 classe
1532 1234 1594 1296 ui
1654 1234 2056 1315 tempestatis
2111 1254 2313 1316 prope
2367 1231 2707 1314 absumpta

408 1344 472 1403 et
532 1340 601 1401 in
647 1337 855 1403 Gallia
913 1338 994 1402 ad
1049 1337 1437 1424 Gergouiam
1490 1340 1746 1424 legione
1801 1337 1946 1403 fusa
2000 1343 2064 1403 et
2121 1340 2186 1402 in
2243 1335 2705 1401 Germanorum

408 1445 645 1509 finibus
692 1444 943 1510 Titurio
991 1449 1055 1509 et
1103 1443 1539 1509 Aurunculeio
1586 1445 1818 1531 legatis
1864 1467 1980 1529 per
2027 1445 2291 1509 insidias
2339 1446 2554 1510 caesis.

327 1574 379 1612 10
585 1552 831 1617 Eodem
879 1553 1188 1636 temporis
1229 1553 1438 1636 spatio
1478 1556 1747 1616 matrem
1786 1554 2014 1636 primo,
2062 1553 2288 1616 deinde
2325 1552 2545 1634 filiam,
2589 1547 2813 1615 nec26

409 1661 616 1723 multo
647 1664 796 1741 post
822 1664 1122 1742 nepotem
1154 1660 1386 1723 amisit.
1450 1660 1617 1722 inter
1645 1681 1827 1744 quae,
1865 1662 2271 1724 consternata
2298 1657 2490 1722 Publi
2523 1656 2708 1722 Clodi

410 1765 601 1830 caede
647 1788 714 1830 re
759 1766 1045 1850 publica,
1093 1787 1237 1829 cum
1287 1770 1543 1830 senatus
1581 1789 1782 1829 unum
1822 1766 2151 1831 consulem
2195 1765 2709 1848 nominatimque

413 1871 695 1937 Gnaeum
755 1871 1131 1956 Pompeium
1182 1873 1325 1936 fieri
1374 1874 1743 1955 censuisset,
1790 1875 1922 1957 egit
1980 1895 2123 1937 cum
2180 1873 2456 1935 tribunis
2502 1872 2708 1956 plebis

413 1979 726 2064 collegam
776 2001 842 2044 se
878 1978 1189 2063 Pompeio
1230 1979 1717 2062 destinantibus,
1764 1980 1830 2042 id
1866 1980 2083 2063 potius
2121 1978 2202 2041 ad
2237 1978 2550 2062 populum
2588 1979 2710 2042 fer-

329 2106 383 2146 15
412 2089 574 2169 rent,
594 2090 667 2149 ut
695 2086 943 2150 absenti
973 2086 1117 2169 sibi,
1146 2085 1527 2169 quandoque
1552 2086 1808 2168 imperii
1835 2089 2088 2169 tempus
2113 2087 2356 2169 expleri
2380 2086 2709 2168 coepisset,

412 2194 643 2278 petitio
693 2193 955 2257 secundi
1000 2193 1379 2268 ,consulatus
1430 2192 1713 2275 daretur,
1770 2214 1852 2255 ne
1900 2214 1973 2255 ea
2034 2213 2225 2256 causa
2283 2193 2599 2255 maturius
2647 2197 2711 2255 et

414 2300 767 2382 inperfecto
808 2298 1016 2363 adhuc
1053 2299 1222 2362 bello
1261 2297 1604 2362 decederet.
1683 2300 1854 2382 quod
1891 2302 1964 2362 ut
2000 2298 2271 2382 adeptus
2310 2302 2433 2382 est,
2480 2298 2712 2361 altiora

415 2407 543 2470 iam
573 2405 889 2470 meditans
919 2405 1079 2489 [s]et
1106 2404 1240 2488 spei
1271 2404 1499 2487 plenus
1528 2405 1779 2469 nullum
1814 2405 2178 2490 largitionis
2207 2409 2321 2469 aut
2349 2405 2711 2469 officiorum

416 2513 483 2576 in
522 2534 908 2597 quemquam
946 2533 1150 2598 genus
1178 2512 1434 2595 publice
1464 2511 1899 2595 priuatimque
1928 2511 2165 2575 omisit.
2234 2513 2446 2576 forum
2478 2512 2555 2574 de
2582 2534 2710 2575 ma-

332 2639 387 2679 so
415 2619 634 2684 nubiis
680 2618 1037 2701 incohauit,
1083 2618 1264 2683 cuius
1311 2641 1457 2682 area
1502 2640 1697 2702 super
1738 2618 2108 2683 sestertium
2145 2618 2353 2683 milies
2401 2618 2713 2684 constitit.

417 2747 652 2790 munus
708 2727 950 2809 populo
1010 2725 1400 2809 epulumque
1457 2726 1906 2808 pronuntiauit
1969 2726 2036 2788 in
2089 2726 2263 2789 filiae
2319 2726 2713 2808 memoriam,

420 2833 592 2917 quod
646 2835 794 2896 ante
850 2855 995 2897 eum
1052 2854 1260 2896 nemo,
1334 2854 1608 2915 quorum
1656 2835 1730 2896 ut
1790 2854 1980 2915 quam
2028 2833 2310 2896 maxima
2356 2831 2713 2915 expectatio

562 3033 593 3079 2
634 3026 871 3095 Eutrop.
914 3026 1003 3079 VI
1021 3030 1111 3093 17,
1139 3030 1175 3080 3
1221 3024 1444 3079 Galliae
1483 3066 1495 3077 .
1528 3067 1539 3078 .
1574 3066 1584 3077 .
1622 3024 1825 3078 tributi
1862 3026 2087 3079 nomine
2125 3042 2374 3078 annuum
2412 3024 2716 3093 imperauit

420 3106 740 3160 sestertium
780 3105 1147 3175 (stipendium
1177 3105 1456 3172 Duncker,
1495 3104 1842 3173 stipendium
1880 3107 2009 3159 sest.
2042 3105 2213 3175 Ram)
2250 3104 2714 3175 quadringenties

421 3185 685 3257 (ἐπέθηκε
725 3229 736 3240 .
769 3229 781 3240 .
815 3229 825 3239 .
867 3184 1049 3254 φόρον
1087 3186 1391 3254 Paeanius)
1538 3190 1568 3236 3
1607 3184 1741 3239 ibid.
1791 3183 2209 3254 Germanosque
2255 3188 2411 3238 trans
2457 3184 2716 3237 Rhenum

422 3267 722 3336 adgressus
760 3265 1181 3318 immanissimis
1211 3264 1442 3334 proeliis
1479 3264 1636 3318 uicit.
1784 3270 1819 3317 4
1856 3266 1987 3319 ibid.
2019 3264 2308 3318 Britannis
2337 3281 2466 3318 mox
2502 3262 2716 3317 bellum

421 3345 635 3414 intulit,
663 3345 869 3415 quibus
909 3348 1043 3399 ante
1079 3361 1208 3399 eum
1244 3361 1316 3399 ne
1353 3360 1555 3399 nomen
1585 3344 1815 3413 quidem
1841 3345 2221 3400 Romanorum
2249 3344 2538 3413 cognitum
2576 3344 2712 3397 erat.

422 3442 629 3494 eosque
680 3429 794 3495 (eos
846 3442 1071 3495 quoque
1120 3432 1170 3479 et
1220 3427 1277 3478 et
1327 3441 1421 3478 eos
1474 3440 1696 3493 quoque
1743 3427 1815 3479 al.
1855 3426 2029 3493 codd.)
2076 3425 2257 3478 uictos
2295 3424 2587 3478 obsidibus
2626 3440 2717 3477 ac-

423 3507 603 3576 ceptis
633 3505 1031 3575 stipendiarios
1060 3504 1212 3559 fecit.
1361 3511 1392 3557 6
1430 3505 1562 3558 ibid.
1601 3504 1752 3558 inter
1777 3507 1865 3558 tot
1893 3522 2180 3560 successus
2208 3506 2295 3557 ter
2322 3504 2470 3558 male
2498 3519 2718 3573 pugna-

422 3587 526 3653 uit,
575 3586 728 3656 apud
773 3586 1052 3639 Aruernos
1101 3585 1273 3639 semel
1316 3600 1582 3653 praesens
1630 3586 1689 3637 et
1727 3584 1931 3638 absens
1968 3586 2029 3638 in
2066 3585 2369 3639 Germania
2405 3583 2509 3638 bis.
2585 3599 2719 3637 nam

423 3666 602 3736 legati
639 3665 760 3719 eius
807 3666 945 3733 duo,
996 3665 1247 3718 Titurius
1286 3667 1344 3718 et
1379 3663 1816 3730 Aurunculeius,
1871 3680 1974 3733 per
2008 3664 2244 3717 insidias
2292 3664 2443 3718 caesi
2480 3665 2625 3717 sunt.

428 3752 493 3800 13
539 3746 616 3800 id.
658 3747 738 3801 V1
766 3750 855 3811 19,
881 3750 920 3799 2
964 3745 1187 3798 rediens
1235 3760 1303 3797 ex
1340 3744 1529 3798 Gallia
1565 3744 1749 3797 uictor
1795 3745 1981 3814 coepit
2033 3761 2264 3814 poscere
2310 3744 2552 3798 alterum
2591 3761 2720 3798 con-

425 3825 672 3880 sulatum
710 3829 880 3893 atque
917 3824 1001 3878 ita
1027 3827 1093 3878 ut
1130 3825 1250 3878 sine
1280 3824 1571 3878 dubietate
1600 3824 1794 3891 aliqua
1824 3824 1876 3876 ei
1915 3824 2239 3879 deferretur.
2306 3825 2720 3878 contradictum

427 3908 513 3960 est
549 3922 584 3959 a
620 3905 887 3960 Marcello
926 3904 1153 3958 consule
1190 3906 1281 3974 (cf.
1320 3922 1437 3972 cap.
1466 3908 1579 3974 28).
1661 3905 1810 3959 Oros
1854 3906 1942 3958 VI
1965 3909 2050 3970 15,
2075 3910 2104 3957 1

572 4079 599 4126 1
649 4074 829 4128 socias
867 4074 1108 4140 X‘H20,
1164 4073 1343 4128 socios
1384 4074 1459 4126 M
1467 4073 1616 4126 GT&
1759 4078 1789 4125 2
1837 4090 2124 4126 numerum
2167 4074 2314 4127 solus
2363 4074 2612 4128 seruauit
2658 4074 2721 4139 V,

427 4171 629 4209 rasura
666 4158 703 4208 6
736 4156 848 4222 fere
886 4156 1191 4209 litterarum
1228 4156 1291 4208 in
1322 4155 1397 4207 M
1429 4152 1912 4222 (quadringenties
1950 4154 2228 4222 Eutrop.)‚
2267 4154 2431 4222 eique
2468 4153 2526 4206 in
2565 4154 2718 4207 codd.

426 4235 520 4289 rel.
553 4236 756 4289 lacuna
790 4251 904 4288 non
931 4236 1181 4289 indicata
1221 4235 1307 4303 (cf.
1338 4234 1526 4287 Herm.
1557 4237 1629 4286 40
1656 4250 1718 4302 p.
1751 4235 1880 4303 187)
2024 4233 2253 4286 nomina
2282 4237 2341 4287 X
2343 4235 2404 4299 ὃ,
2440 4248 2642 4287 nomen
2679 4236 2728 4285 Τ

430 4321 461 4368 6
483 4317 616 4368 ante
639 4315 690 4369 G
817 4322 848 4368 6
868 4315 991 4386 per]
1013 4316 1161 4368 inter
1176 4316 1410 4382 Eutrop.
1543 4318 1571 4365 7
1594 4315 1682 4365 est
1698 4320 1826 4381 post
1855 4316 2115 4381 expertus
2143 4331 2212 4368 ss,
2237 4316 2310 4367 M
2313 4313 2333 4342 ²
2460 4319 2523 4366 11
2547 4313 2723 4366 inter-

428 4394 618 4463 imque
637 4396 763 4450 HR
890 4400 956 4448 15
987 4394 1454 4463 quandocumque
1472 4391 1570 4459 L2,
1608 4394 1667 4445 et
1685 4393 1913 4461 quando
1933 4395 2016 4459 H,
2055 4393 2280 4460 quando
2304 4392 2385 4461 Qs
2525 4398 2590 4445 16
2619 4408 2723 4445 nec

430 4489 497 4528 ea
524 4474 800 4528 maturius
830 4490 1002 4528 causa
1025 4475 1076 4528 G
1213 4480 1276 4527 17
1305 4476 1370 4527 ut
1397 4491 1498 4527 om.
1525 4473 1576 4525 G
1716 4477 1781 4525 18
1821 4474 1878 4526 et
1910 4472 2038 4542 ῼρε
2066 4474 2272 4541 aliique
2298 4489 2347 4538 ς,
2387 4473 2486 4526 sed
2513 4473 2606 4527 rel.
2629 4473 2720 4540 (Ω)

432 4561 498 4608 22
536 4555 783 4609 maxima
816 4554 939 4621 (ἴς,
975 4554 1219 4608 maxime
1251 4557 1325 4625 μς
1355 4555 1427 4622 L)
1463 4553 1557 4608 rel.
1590 4554 1704 4621 (Ω),
1750 4553 1880 4607 inde
1918 4569 2044 4605 cum
2072 4552 2318 4605 maxime
2346 4552 2579 4621 Bentley
