3325 5209
1164 407 1219 464 C.
1264 409 1626 464 CALIGVLA
1667 423 1798 471 [cn.
1830 424 2005 472 20—23]
2610 414 2736 478 175

432 573 817 656 imponeret,
871 577 1119 656 partem
1175 571 1411 638 Palatii
1467 573 1545 637 ad
1602 574 1815 638 forum
1870 597 2076 658 usque
2128 574 2483 659 promouit,
2540 581 2733 659 atque

432 679 585 743 aede
634 677 917 743 Castoris
974 683 1040 742 et
1086 679 1372 745 Pollucis
1429 681 1498 744 in
1542 681 1937 745 uestibulum
1984 682 2470 768 transfigurata,
2532 683 2734 748 consi-

437 789 609 849 stens
659 807 845 868 saepe
892 785 1062 848 inter
1105 786 1337 850 fratres
1386 786 1556 870 deOS,
1603 787 1886 851 medium
1934 787 2328 854 adorandum
2388 811 2454 853 se
2502 790 2731 854 adeun-

430 892 604 956 tibus
643 891 1014 977 exhibebat3
1053 897 1118 957 et
1155 893 1418 977 quidam
1468 915 1609 957 eum
1651 893 2036 959 Latiarem
2077 893 2335 959 Iouem
2375 896 2731 960 consaluta-

376 1025 401 1065 5
428 1003 595 1067 runt.
679 998 994 1082 templum
1041 1001 1235 1064 etiam
1291 1000 1543 1064 numini
1602 1022 1720 1065 suo
1769 1002 2102 1084 proprium
2150 1005 2215 1065 et
2262 1002 2622 1067 sacerdotes
2668 1006 2733 1067 et
2770 1019 2802 1066 3

433 1106 1014 1192 excogitatissimas
1062 1106 1308 1171 hostias
1356 1107 1654 1171 instituit.
1739 1108 1808 1170 in
1855 1111 2098 1193 templo
2147 1109 2562 1175 simulacrum
2612 1114 2735 1173 star

430 1214 542 1278 bat
590 1235 855 1278 aureum
901 1213 1220 1277 iconicum
1272 1213 1820 1298 amiciebaturque
1868 1214 2104 1280 cotidie
2141 1219 2338 1299 ueste,
2386 1215 2559 1299 quali
2597 1216 2733 1300 ipse

430 1324 734 1384 uteretur.
837 1320 1206 1405 magisteria
1282 1320 1624 1385 sacerdotii
1701 1320 2059 1385 ditissimus
2125 1322 2395 1404 quisque
2468 1326 2533 1386 et
2605 1345 2734 1386 am-

432 1426 679 1492 bitione
739 1431 804 1491 et
861 1427 1220 1492 licitatione
1281 1428 1562 1492 maxima
1615 1428 1869 1493 uicibus
1926 1427 2403 1512 comparabant.
2484 1428 2732 1493 hostiae

350 1559 402 1599 10
431 1539 610 1598 erant
656 1533 1163 1619 phoenicopteri,
1208 1556 1522 1619 pauones,
1570 1538 1921 1618 tetraones,
1965 1535 2356 1618 numidicae,
2401 1535 2734 1620 meleagri-

430 1640 555 1723 deS,
603 1640 980 1723 phasianae,
1038 1662 1202 1723 quae
1250 1641 1605 1724 generatim
1653 1662 1767 1724 per
1814 1642 2104 1728 singulos
2153 1643 2284 1706 dies
2330 1641 2733 1706 immolaren-

427 1751 550 1811 tur.
635 1750 700 1810 et
744 1746 1045 1815 noctibus
1094 1745 1352 1829 quidem
1398 1746 1653 1830 plenam
1702 1747 2187 1833 fulgentemque
2233 1748 2451 1812 lunam
2500 1748 2732 1812 inuita·
2769 1768 2803 1814 4

427 1853 541 1916 bat
587 1852 839 1917 assidue
882 1853 950 1916 in
989 1854 1322 1936 amplexus
1363 1857 1554 1935 atque
1593 1854 2026 1935 concubitum,
2075 1854 2356 1919 interdiu
2393 1877 2546 1920 uero
2586 1876 2727 1919 cum

432 1957 798 2043 Capitolino
836 1957 991 2023 Ioue
1030 1963 1272 2024 secreto
1310 1959 1739 2043 fabulabatur,
1776 1961 1968 2025 modo
2007 1961 2411 2025 insusurrans
2448 1983 2522 2025 ac
2557 1983 2732 2044 prae-

350 2089 401 2130 15
430 2065 588 2129 bens
648 2065 717 2129 in
778 2065 986 2131 uicem
1050 2088 1295 2146 aurem,
1357 2065 1550 2130 modo
1611 2067 1850 2132 clarius
1907 2089 2025 2133 nec
2071 2068 2209 2132 sine
2256 2068 2500 2152 iurgiis
2582 2091 2729 2132 nam
2799 2067 2805 2071 ⁴

427 2195 555 2237 uox
605 2173 1057 2237 comminantis
1105 2173 1324 2237 audita
1370 2177 1469 2238 est
1504 2174 1733 2256 <Hom
1766 2174 1845 2239 Il.
1875 2179 1979 2256 23,
2012 2179 2215 2255 724>2

1158 2281 1199 2363 ἤ
1245 2277 1311 2361 μ’
1360 2278 1611 2365 ἀνάειρ’
1648 2279 1689 2364 ἢ
1738 2279 1865 2364 ἐγὼ
1916 2279 2010 2363 σέ,
2641 2368 2644 2371 .

429 2387 630 2450 donec
686 2391 1010 2469 exoratus,
1066 2391 1140 2450 ut
1185 2386 1531 2471 referebat,
1582 2391 1647 2451 et
1692 2388 1774 2459 in,
1808 2387 2301 2452 contubernium
2350 2387 2519 2467 ultro
2567 2388 2730 2451 inui-

238 2512 249 2525 ·
312 2499 317 2504 ’
428 2498 600 2558 tatus
648 2515 843 2577 super
886 2495 1202 2577 templum
1239 2492 1396 2558 Diui
1435 2493 1717 2579 Augusti
1754 2499 1953 2579 ponte
1991 2494 2370 2559 transmisso
2408 2493 2728 2558 Palatium

348 2623 401 2665 20
431 2598 950 2684 Capitoliumque
1010 2601 1373 2666 coniunxit:
1447 2623 1626 2685 mox,
1687 2623 1816 2684 quo
1879 2602 2145 2686 propior
2204 2606 2395 2684 esset,
2455 2601 2524 2664 in
2583 2622 2730 2664 area

431 2705 794 2790 Capitolina
840 2730 1047 2773 nouae
1093 2708 1320 2772 domus
1368 2708 1784 2772 fundamenta
1832 2708 1998 2773 iecit.

607 2812 935 2900 Agrippae
992 2836 1060 2878 se
1117 2818 1417 2897 nepotem
1475 2837 1683 2898 neque
1739 2815 1911 2879 credi
1965 2837 2174 2898 neque
2231 2814 2357 2878 dici
2414 2814 2498 2877 ob
2549 2814 2832 2900 igno-23

430 2919 747 2984 bilitatem
795 2921 930 2984 eius
977 2921 1240 2986 uolebat
1286 2921 1839 3004 suscensebatque,
1888 2922 1942 2985 si
1989 2921 2101 3004 qui
2148 2922 2253 2985 uel
2296 2921 2586 2985 oratione
2623 2922 2728 2984 uel

431 3028 708 3091 carmine
769 3027 1161 3112 imaginibus
1233 3050 1379 3093 eum
1443 3026 1783 3092 Caesarum
1851 3027 2216 3091 insererent.
2317 3027 2729 3111 praedicabat

350 3156 401 3195 25
430 3137 642 3197 autem
702 3137 969 3197 matrem
1039 3156 1219 3198 suam
1284 3157 1364 3198 ex
1422 3135 1696 3217 incesto,
1756 3134 1931 3217 quod
1977 3133 2311 3220 Augustus
2370 3157 2514 3198 cum
2562 3132 2729 3198 Iulia

429 3240 563 3304 filia
617 3241 1003 3324 admisisset,
1058 3246 1487 3325 procreatam3
1552 3263 1626 3305 ac
1681 3262 1814 3304 non
1873 3246 2210 3305 contentus
2265 3240 2391 3304 hac
2446 3240 2726 3324 Augusti

429 3348 846 3412 insectatione
886 3346 1181 3412 Actiacas
1228 3346 1707 3431 Si[n]culasque
1755 3347 2081 3430 uictorias,
2127 3352 2200 3411 ut
2237 3348 2521 3411 funestas
2559 3369 2620 3430 p.
2650 3332 2726 3411 R.

431 3459 494 3518 et
555 3455 987 3538 calamitosae,
1047 3455 1257 3537 uetuit
1318 3453 1740 3518 sollemnibus
1802 3454 1983 3517 feriis
2045 3453 2368 3518 celebrari.
2472 3453 2726 3517 Liuiam
2766 3472 2797 3518 2

430 3560 792 3647 Augustam
856 3561 1187 3645 proauiam
1256 3560 1514 3624 Vlixem
1582 3563 1889 3625 stolatum
1963 3560 2311 3624 identidem
2378 3560 2727 3644 appellans,

346 3689 402 3729 zo
431 3670 622 3731 etiam
671 3667 1099 3752 ignobilitatis
1148 3667 1422 3748 quadam
1471 3666 1550 3729 ad
1587 3672 1877 3731 senatum
1919 3667 2194 3751 epistula
2233 3688 2495 3752 arguere
2534 3691 2725 3732 ausus

431 3778 527 3839 est
574 3774 754 3856 quasi
801 3778 1090 3838 materno
1139 3794 1262 3835 auo
1312 3772 1652 3838 decurione
1698 3772 2010 3837 Fundano
2061 3777 2286 3852 ortam,
2335 3796 2478 3838 cum
2519 3775 2726 3858 publi-

433 3882 522 3945 cis
568 3881 997 3944 monumentis
1046 3883 1289 3943 certum
1339 3881 1424 3942 sit
1471 3878 1800 3942 Aufidium
1841 3879 2199 3944 Lurconem
2237 3879 2480 3945 Romae
2526 3881 2725 3947 hono-

575 4140 607 4186 4
647 4133 1064 4188 consalutarent
1095 4135 1145 4188 G
1270 4139 1298 4186 7
1339 4134 1587 4191 iconium
1615 4135 1792 4205 H¹Qe,
1820 4136 2009 4189 iouicfi
2047 4137 2097 4190 T
2214 4141 2279 4188 10
2308 4138 2627 4190 tetracones
2658 4139 2733 4192 M

435 4220 500 4272 13
539 4213 868 4276 concubitus
901 4214 951 4273 G
1115 4220 1179 4267 17
1212 4215 1844 4269 ΕὰΛὰΝὰΙΡΠΕΓωΕΕ
1868 4217 1944 4270 Μ
1976 4223 2025 4270 et
2059 4217 2176 4270 sim.
2206 4218 2298 4269 rel.
2331 4217 2592 4285 (primum
2619 4218 2725 4287 siq-

431 4313 564 4353 num
585 4298 627 4348 Η
649 4296 806 4350 estin
830 4294 1083 4361 GYPT),
1104 4310 1202 4349 om.
1231 4295 1297 4347 N
1409 4300 1475 4347 23
1506 4294 1988 4363 succensebatque
2012 4296 2350 4367 GH²QPST
2474 4303 2538 4350 27
2573 4296 2725 4350 Sicu-

428 4374 627 4445 lasque
666 4393 697 4434 ς
736 4375 1094 4443 (Sabellicus),
1132 4374 1495 4444 singulasque
1523 4377 1653 4443 (que
1690 4392 1791 4430 om.
1823 4378 1898 4444 R)
1929 4378 2005 4442 ,Ως
2047 4376 2336 4429 Actiacam
2368 4376 2725 4445 Siculamque

430 4457 664 4511 malebat
699 4455 999 4509 Sabellicus
1170 4459 1236 4507 28
1272 4454 1474 4507 Iuliam
1506 4456 1739 4510 Gasaub.
1906 4462 1973 4508 32
2003 4462 2230 4524 propter
2265 4458 2454 4511 titulos
2491 4464 2726 4524 eoepeetes

429 4530 698 4590 Alfidium
843 4535 1153 4588 Lurconem
1191 4533 1516 4603 Stephanus,
1550 4534 1841 4604 lyrgonem
1882 4535 2036 4605 (lirg-
2059 4538 2183 4601 LII,
2222 4536 2372 4605 nirg-
2393 4537 2474 4605 ¹T)
2496 4540 2548 4588 ,Ω
