3325 5209
1161 385 1379 440 DIVVS
1416 385 1654 441 IVLIVS
1696 398 1826 448 [cu.
1857 398 2033 448 80—82]
2668 390 2755 452 43

451 550 654 631 quod
699 571 849 613 non
894 549 1102 613 ultra
1140 549 1456 613 Martias
1502 549 1681 615 Idus
1723 549 2223 634 proferretur.
2296 552 2503 635 pridie
2542 556 2755 616 autem
2796 568 2825 615 3

454 655 704 719 easdem
752 653 904 719 Idus
951 677 1135 720 auem
1182 656 1564 743 regaliolum
1602 678 1747 721 curn
1784 659 2004 721 laureo
2041 658 2291 722 ramulo
2328 658 2756 742 Pompeianae

454 762 666 825 curiae
722 783 790 825 se
845 761 1226 826 inferentem
1283 765 1577 827 uolucres
1632 765 1800 827 uarii
1854 765 2108 850 generis
2166 786 2242 828 ex
2298 766 2593 848 proximo
2650 787 2755 829 ne-

454 890 633 932 more
677 873 1055 953 persecutae
1097 869 1336 933 ibidem
1385 871 1875 955 discerpserunt.
1958 892 2031 935 ea
2076 871 2230 935 uero
2276 875 2483 953 nocte,
2523 873 2625 935 cui
2662 874 2754 936 in-

394 997 424 1037 5
455 976 623 1038 luxit
671 976 805 1039 dies
853 976 1078 1060 caediS,
1127 981 1190 1039 et
1235 978 1372 1059 ipse
1417 977 1547 1041 sibi
1592 979 1774 1040 uisus
1821 981 1920 1041 est
1956 1000 2073 1061 per
2110 979 2392 1060 quietem
2430 978 2752 1042 interdum

455 1103 651 1166 supra
705 1082 912 1146 nubes
971 1084 1272 1166 uolitare,
1338 1084 1495 1147 alias
1558 1105 1703 1147 cum
1763 1082 1918 1148 Ioue
1980 1084 2270 1148 dextram
2330 1085 2619 1170 iungere3
2689 1089 2755 1148 et

456 1187 805 1272 Calpurnia
849 1209 1013 1253 uxor
1058 1191 1411 1276 imaginata
1458 1194 1556 1254 est
1600 1190 1860 1255 conlabi
1904 1190 2233 1278 fastigium
2293 1192 2518 1255 domus
2566 1193 2753 1256 mari-

454 1299 722 1379 tumque
760 1296 827 1358 in
864 1296 1112 1382 gremio
1153 1319 1268 1361 suo
1309 1298 1592 1382 confodi3
1630 1318 1705 1361 ac
1743 1297 1958 1362 subito
1999 1298 2278 1362 cubiculi
2315 1297 2486 1362 fores
2524 1302 2752 1382 sponte

453 1406 819 1484 patuerunt.

370 1532 425 1571 ιο
635 1507 735 1573 Ob
779 1508 938 1574 haec
985 1510 1180 1574 simul
1218 1515 1283 1574 et
1320 1511 1404 1574 ob
1443 1511 1765 1575 infirmam
1805 1512 2228 1575 ualitudinem
2269 1512 2377 1575 diu
2416 1515 2753 1576 cunctatus
2792 1529 2824 1574 4

455 1636 539 1678 an
597 1636 667 1678 se
726 1618 1083 1681 contineret
1143 1621 1207 1680 et
1268 1639 1431 1700 quae
1491 1618 1691 1705 apud*
1723 1605 2017 1681 senatum
2077 1607 2506 1703 proposuerat
2566 1639 2753 1704 agere

456 1721 764 1806 differret,
812 1723 1068 1787 tandem
1115 1724 1383 1789 Decimo
1432 1724 1636 1789 Bruto
1686 1724 2095 1808 adhortante,
2149 1747 2236 1798 ne
2276 1726 2632 1808 frequentis
2680 1746 2755 1789 ac

454 1829 582 1891 iam
648 1829 890 1894 dudum
955 1831 1350 1914 opperientis
1418 1831 1823 1915 destitueret,
1899 1832 2124 1915 quinta
2187 1833 2321 1895 fere
2385 1833 2546 1896 hora
2608 1853 2753 1915 pro-

455 1957 709 2020 gressus
774 1941 875 2001 est
935 1937 1359 2020 libellumque
1424 1937 1802 2002 insidiarum
1869 1939 2142 2002 indicem
2204 1939 2284 2003 ab
2342 1939 2540 2002 obuio
2597 1960 2752 2021 quo-

366 2064 423 2104 16
455 2042 599 2106 dam
654 2048 1020 2126 porrectum
1075 2044 1314 2108 libellis
1372 2047 1598 2108 ceteris
1609 2097 1625 2128 ,
1695 2067 1858 2127 quos
1916 2046 2177 2109 sinistra
2222 2067 2416 2109 manu
2473 2046 2751 2126 tenebat,

455 2150 638 2232 quasi
692 2172 845 2213 mox
903 2150 1186 2215 lecturus
1253 2152 1677 2216 commiscuit.
1772 2153 1920 2216 dein
1981 2152 2277 2236 pluribus
2332 2151 2562 2215 hostiis
2619 2173 2751 2215 cae-

453 2256 570 2339 siS,
628 2278 771 2320 cum
827 2257 1016 2320 litare
1070 2279 1201 2321 non
1256 2262 1502 2342 posset,
1561 2259 1814 2323 introiit
1871 2260 2111 2323 curiam
2170 2263 2383 2342 spreta
2442 2243 2752 2343 religione

453 2360 970 2447 Spurinnamque
1028 2363 1296 2428 irridens
1345 2369 1409 2428 et
1455 2368 1528 2428 ut
1572 2365 1809 2429 falsum
1858 2386 2158 2451 arguens,
2217 2364 2390 2447 quod
2436 2366 2572 2427 sine
2619 2363 2752 2427 ulla

452 2491 569 2533 sua
620 2492 791 2533 noxa
843 2469 995 2534 Idus
1055 2469 1327 2535 Martiae
1388 2473 1706 2536 adessent:
1770 2494 2136 2555 quanquam
2198 2473 2253 2535 is
2307 2473 2560 2535 uenisse
2617 2472 2752 2554 qui-

361 2598 422 2637 20
453 2575 594 2639 dem
645 2598 752 2640 eas
800 2577 1060 2658 diceret,
1117 2578 1230 2642 sed
1282 2599 1416 2641 non
1469 2579 1870 2662 praeterisse.
1962 2579 2346 2643 assidentem
2399 2578 2750 2663 conspirati
2769 2573 2857 2638 82

450 2682 660 2766 specie
730 2684 929 2747 officii
991 2687 1579 2765 circumsteterunt,
1644 2685 1921 2768 ilicoque
1989 2685 2250 2749 Cimber
2312 2685 2573 2764 Tillius,
2640 2687 2750 2769 qui

450 2790 692 2871 primas
738 2795 955 2874 partes
1005 2796 1393 2875 susceperat,
1440 2793 1625 2875 quasi
1674 2792 1920 2875 aliquid
1965 2796 2309 2876 rogaturus
2345 2795 2614 2876 propius
2654 2813 2752 2856 ac-

451 2897 644 2960 cessit
696 2898 1118 2981 renuentique
1179 2904 1243 2963 et
1299 2899 1613 2984 gestu[m]
1661 2900 1729 2961 in
1775 2899 1951 2962 aliud
1996 2901 2253 2982 tempus
2303 2899 2621 2963 differenti
2668 2899 2750 2963 ab

451 3007 726 3086 utroque
780 3025 1002 3069 umero
1061 3010 1281 3090 togam
1339 3005 1786 3091 adprehendit3
1853 3005 2081 3070 deinde
2137 3006 2545 3069 clamantem:
2600 3007 2751 3069 ista

362 3130 423 3170 25
453 3110 755 3191 quidem
815 3112 932 3175 uis
993 3115 1134 3175 est!
1197 3112 1360 3176 alter
1420 3135 1454 3177 e
1502 3111 1721 3176 Cascis
1779 3135 2078 3177 auersum
2134 3113 2431 3176 uulnerat
2484 3111 2749 3195 paulum

450 3215 618 3279 infra
677 3219 991 3303 iugulum.
1081 3223 1308 3282 Caesar
1370 3218 1602 3283 Cascae
1672 3218 2011 3283 brachium
2082 3223 2410 3302 arreptum
2477 3217 2748 3303 graphio
2789 3230 2818 3275 2

451 3324 703 3387 traiecit
751 3328 1147 3408 conatusque
1192 3327 1489 3409 prosilire
1537 3326 1664 3389 alio
1713 3327 1979 3389 uulnere
2037 3326 2324 3389 tardatus
2373 3330 2496 3408 est3
2551 3329 2749 3406 utque

452 3429 908 3495 animaduertit
952 3432 1237 3515 undique
1286 3454 1352 3495 se
1399 3434 1643 3496 strictis
1700 3434 2094 3518 pugionibus
2140 3433 2302 3515 peti,
2356 3435 2512 3515 toga
2558 3436 2750 3514 caput

453 3536 776 3621 obuoluit,
831 3537 1024 3602 simul
1079 3538 1340 3602 sinistra
1395 3562 1588 3602 manu
1646 3540 1859 3603 sinum
1915 3539 1995 3602 ad
2049 3540 2179 3602 ima
2236 3560 2421 3601 crura
2468 3538 2749 3620 deduxit,

365 3664 424 3703 80
453 3665 580 3726 quo
636 3643 969 3709 honestius
1024 3646 1276 3709 caderet
1336 3646 1530 3709 etiam
1587 3645 1891 3710 inferiore
1949 3644 2236 3728 corporis
2289 3647 2475 3727 parte
2519 3644 2749 3709 uelata.

594 3880 624 3926 2
654 3891 823 3928 aureo
847 3874 1195 3928 GVL¹P¹O¹
1341 3880 1371 3925 3
1404 3891 1433 3927 e
1459 3875 1509 3928 G
1655 3879 1687 3926 6
1720 3874 2008 3927 dexteram
2029 3879 2086 3927 X
2090 3878 2150 3926 Π
2293 3880 2322 3927 8
2359 3876 2557 3942 sponte
2577 3891 2676 3926 om.
2698 3873 2749 3926 G

451 3960 517 4006 11
558 3958 751 4024 ageret
781 3955 944 4009 M¹V
1109 3960 1173 4007 13
1223 3954 1543 4007 distitueret
1582 3970 1611 4006 e
1652 3955 1728 4007 M
1906 3961 1971 4007 14
2018 3954 2266 4007 indicem
2302 3954 2633 4006 insidiarum
2675 3952 2746 4005 X'

445 4034 713 4103 (indicem
751 4051 850 4088 om.
892 4037 947 4104 ὃ)
994 4094 1018 4108 ,,
1111 4034 1239 4087 ouio
1280 4035 1352 4086 Μ
1362 4035 1457 4087 VO
1473 4036 1530 4100 ὃ,
1578 4051 1714 4088 corr.
1764 4036 1825 4087 in
1852 4052 2023 4104 mem-9.
2057 4036 2108 4087 V
2255 4039 2321 4086 20
2362 4034 2671 4101 comparati
2708 4036 2754 4085 Τ

448 4117 606 4182 (corr.
636 4118 697 4167 in
717 4117 800 4181 H,
838 4117 901 4167 in
921 4115 976 4168 R
1003 4132 1070 4168 88.
1099 4114 1132 4166 i
1162 4115 1487 4183 conspirati)
1636 4121 1701 4167 21
1743 4115 2220 4167 circumstiterunt
2251 4117 2325 4168 M
2330 4114 2412 4168 1V
2549 4113 2749 4166 Tillius

452 4196 778 4261 Manutius,
806 4194 1005 4248 tuUius
1025 4198 1076 4247 Ω
1098 4194 1293 4262 (tullus
1316 4196 1369 4263 ὃ)
1516 4201 1582 4247 23
1613 4194 2023 4261 rennuentique
2046 4197 2117 4247 M
2121 4196 2171 4248 G
2185 4196 2340 4249 VLP
2354 4194 2443 4248 Οὸ
2587 4198 2750 4262 gestu

452 4275 580 4343 ῼες
725 4280 794 4327 24
832 4274 1101 4328 clamanti
1127 4275 1177 4328 G
1322 4280 1389 4326 25
1429 4292 1457 4328 e
1498 4274 1686 4328 Cascis
1726 4276 2054 4340 Beroaldus,
2095 4292 2123 4327 e
2162 4275 2356 4327 cassiis
2384 4277 2523 4339 Ma,
2571 4291 2600 4327 e
2632 4292 2750 4326 cas-

450 4354 518 4406 sii
546 4357 607 4421 V,
655 4355 836 4407 casias
878 4356 953 4423 G,
1012 4355 1226 4408 cassius
1265 4359 1321 4406 X
1334 4358 1381 4406 Τ
1505 4356 1805 4408 aduersum
1849 4355 2167 4409 GVO¹HR
2296 4361 2362 4407 26
2403 4355 2595 4424 gulam
2629 4355 2679 4408 G

451 4451 646 4489 cascae
684 4438 814 4505 (-ce)
850 4439 897 4487 'I’
939 4435 1132 4504 (etiam
1172 4435 1371 4488 casche
1392 4437 1471 4504 ὃ),
1530 4436 1715 4489 casiae
1759 4437 1836 4500 G,
1894 4435 2060 4488 cassii
2102 4438 2174 4489 M
2181 4440 2236 4487 X
2241 4434 2254 4451 '
2439 4437 2660 4503 arrepto
2700 4439 2758 4486 X

451 4520 518 4566 30
553 4515 806 4569 reuelata
846 4518 899 4570 V
