3325 5209
1120 429 1338 484 DIVVS
1375 428 1614 484 IVLIVS
1655 438 1786 490 [eff.
1817 441 1993 489 67-68]
2618 431 2703 495 35

407 593 463 657 si
500 593 625 676 ipsi
672 593 835 658 alios
874 592 1260 677 obsiderent,
1306 596 1489 657 tanto
1528 614 1719 676 opere
1757 592 2147 676 tolerabant,
2193 596 2267 657 ut
2301 592 2706 677 Dyrrachina

406 700 769 765 munitione
803 699 1150 784 Pompeius
1197 699 1338 764 uiso
1377 721 1608 785 genere
1644 699 1832 782 panis
1879 721 1957 763 ex
1994 698 2214 783 herba,
2261 722 2389 784 quo
2437 701 2707 765 sustine-

406 806 662 891 bantur,
709 828 855 871 cum
901 806 1056 871 feris
1101 805 1227 870 sibi
1273 828 1407 871 rem
1458 827 1594 869 esse
1632 805 1867 869 dixerit
1913 806 2326 890 amouerique
2366 806 2544 872 ocius
2589 830 2710 873 nec

406 913 709 998 cuiquam
775 913 1026 977 ostendi
1089 912 1376 996 iusserit,
1441 934 1522 976 ne
1580 912 1894 996 patientia
1958 916 2022 976 et
2082 912 2437 996 pertinacia
2498 913 2707 979 hostis

351 1045 376 1083 5
405 1020 607 1084 animi
653 1042 917 1084 suorum
964 1020 1430 1106 frangerentur.
1642 1009 1645 1010 ⁷

506 1200 520 1212 ⁶
588 1126 844 1203 Quanta·
897 1126 1277 1192 fortitudine
1332 1126 1726 1210 dimicarint,
1790 1126 2164 1192 testimonio
2221 1131 2320 1192 est
2376 1127 2548 1211 quod
2603 1128 2706 1192 ad·
2746 1143 2780 1190 3

405 1256 595 1300 uerso
658 1235 855 1299 semel
917 1234 1090 1318 apud
1143 1232 1576 1316 Dyrrachium
1635 1233 1884 1317 proelio
1944 1255 2218 1318 poenam
2279 1235 2346 1298 in
2405 1257 2473 1298 se
2532 1236 2705 1299 ultro

407 1341 947 1425 depoposcerunt,
1020 1344 1095 1404 ut
1159 1339 1584 1404 consolandos
1649 1362 1760 1404 eos
1824 1341 2032 1426 magis
2098 1341 2450 1425 imperator
2515 1364 2708 1424 quam

405 1448 766 1532 puniendos
827 1447 1143 1512 habuerit.
1246 1446 1474 1511 ceteris
1537 1446 1803 1531 proeliis
1874 1446 2243 1511 innumeras
2315 1447 2708 1511 aduersario-

323 1579 377 1617 ιο
406 1578 554 1618 rum
611 1554 826 1639 copias
880 1553 1103 1620 multis
1156 1553 1452 1637 partibus
1505 1553 1630 1637 ipsi
1687 1553 2019 1637 pauciores
2074 1553 2262 1618 facile
2307 1559 2707 1639 superarunt.

408 1661 683 1745 denique
736 1684 865 1725 una
920 1664 1137 1725 sextae
1190 1660 1465 1746 legionis
1521 1660 1754 1724 cohors
1801 1661 2168 1744 praeposita
2219 1660 2480 1725 castello
2529 1665 2711 1744 quat-

408 1772 560 1831 tuor
604 1767 873 1851 Pompei
931 1766 1218 1853 legiones
1272 1788 1388 1850 per
1434 1766 1685 1850 aliquot
1737 1766 1930 1830 horas
1977 1767 2285 1831 sustinuit
2329 1788 2531 1851 paene
2579 1788 2710 1831 om-

404 1874 510 1938 nis
556 1874 808 1938 confixa
852 1873 1266 1938 multitudine
1311 1873 1651 1938 hostilium
1690 1872 2094 1959 sagittarum,
2141 1895 2412 1956 quarum
2450 1877 2708 1937 centum

408 2002 484 2044 ac
530 1980 797 2067 triginta
851 1980 1032 2044 milia
1085 1981 1258 2044 intra
1313 1980 1558 2043 uallum
1604 1984 1859 2063 reperta
1913 1983 2079 2045 sunt.
2172 2000 2289 2043 nec
2335 1979 2597 2064 mirum,
2653 1980 2708 2044 si
2747 1995 2780 2041 4

324 2110 377 2149 1⁵
410 2087 555 2170 quis
601 2086 1004 2173 singulorum
1049 2086 1221 2150 facta
1257 2085 1582 2170 respiciat,
1630 2085 1737 2149 uel
1780 2084 1958 2150 Cassi
1997 2083 2274 2149 Scaeuae
2314 2085 2708 2150 centurionis

409 2194 516 2257 uel
555 2192 674 2258 Gai
709 2192 882 2257 Acili
922 2192 1166 2277 militis,
1211 2215 1292 2256 ne
1331 2192 1408 2256 de
1444 2191 1742 2276 pluribus
1779 2191 2068 2256 referam.
2162 2191 2402 2256 Scaeua
2440 2214 2711 2257 excusso

410 2300 597 2364 oculo
606 2352 624 2385 ,
671 2301 1020 2364 transfixus
1066 2300 1309 2363 femore
1356 2304 1422 2363 et
1468 2320 1720 2383 umer0,
1771 2302 2028 2362 centum
2075 2303 2140 2363 et
2185 2298 2422 2385 uiginti
2467 2299 2710 2363 ictibus

408 2410 592 2471 scuto
647 2406 1002 2491 perforat0‚
1059 2406 1416 2471 custodiam
1462 2409 1690 2490 portae
1737 2405 2063 2469 commissi
2120 2406 2365 2470 castelli
2424 2405 2709 2469 retinuit.

408 2512 657 2578 Acilius
692 2513 909 2578 nauali
948 2513 1029 2577 ad
1065 2512 1422 2577 Massiliam
1459 2511 1708 2596 proelio
1747 2511 1981 2575 iniecta
2017 2511 2086 2575 in
2113 2534 2393 2596 puppem
2422 2512 2708 2577 hostium

327 2644 383 2682 2⁰
414 2619 675 2684 dextera
734 2624 799 2684 et
853 2620 1102 2684 abscisa
1156 2619 1573 2684 memorabile
1626 2619 1791 2682 illud
1846 2618 2019 2702 apud
2076 2617 2350 2683 Graecos
2405 2617 2708 2705 Cynegiri

409 2727 775 2811 exemplum
823 2727 1116 2793 imitatus
1161 2727 1490 2790 transiluit
1526 2727 1596 2790 in
1631 2748 1864 2790 nauem
1902 2725 2183 2790 umbone
2223 2726 2453 2790 obuios
2492 2748 2709 2811 agens,

406 2930 558 2982 unde
597 2929 895 2997 Pompeius
933 2928 1056 2981 uiso
1094 2945 1298 2997 genere
1335 2928 1518 2996 panis,
1557 2946 1668 2996 quo
1705 2927 1798 2981 hic
1838 2927 2159 2981 Caesariani
2196 2927 2526 2992 utebantur,
2566 2928 2714 2979 dixit

408 3026 468 3062 se
506 3025 760 3079 pugnare
799 3026 925 3062 cum
960 3008 1112 3075 feris,
1151 3010 1207 3062 et
1243 3008 1428 3062 noluit
1464 3009 1617 3077 quod
1653 3008 1861 3061 milites
1900 3008 2063 3060 illum
2091 3009 2366 3075 uiderent,
2404 3024 2475 3061 ne
2514 3008 2710 3076 despe-

405 3092 600 3143 rarent
636 3091 693 3143 et
736 3090 1002 3142 timerent
1040 3088 1312 3141 similiter.
1461 3093 1624 3157 6sqq.
1675 3090 1939 3159 Polyaen.
1983 3090 2139 3142 VIII
2167 3093 2259 3154 23,
2285 3092 2362 3141 26
2408 3087 2461 3140 οἱ
2499 3086 2710 3141 Καίσα-

408 3189 507 3237 ρος
552 3178 881 3237 στρατιῶται
926 3170 1056 3236 περὶ
1095 3168 1415 3239 Δυρράχιον
1461 3166 1797 3236 ἡττηθέντες
1842 3168 2075 3228 ἑαυτοὺς
2120 3170 2713 3235 δεκατευθησομένυυς

408 3253 500 3318 (cf.
539 3252 789 3319 Appiam
831 3250 878 3303 b.
918 3253 1023 3304 eiu.
1066 3251 1142 3303 II
1172 3253 1263 3318 63)
1301 3248 1657 3316 παρέδωκαν.
1735 3253 1955 3315 Καῖσαρ
2002 3249 2103 3317 οὐχ
2151 3248 2225 3309 ὡς
2270 3248 2397 3315 περὶ
2444 3246 2716 3315 τιμωρίας

410 3330 598 3382 αὐτῶν
637 3329 974 3399 ἐβουλεύετο,
1014 3328 1152 3382 ἀλλὰ
1189 3330 1285 3382 καὶ
1323 3326 1874 3397 παραμυθησόμενος
1909 3326 2380 3398 ἀναμαχέσασθαι
2406 3326 2508 3394 τὴν
2537 3323 2714 3392 ἧτταν

410 3410 617 3471 αὐτοὺς
644 3408 1013 3478 προέτρεψεν·
1056 3408 1110 3462 οἰ
1140 3408 1202 3463 δὲ
1234 3409 1293 3463 ἐν
1322 3418 1445 3470 ταῖς
1472 3413 1695 3470 λοιπαῖς
1723 3407 1929 3479 μάχαις
1956 3409 2045 3462 ἀεὶ
2082 3406 2539 3476 παραταξάμενοι
2567 3408 2713 3462 πολὺ

410 3487 659 3544 πλείοσιν
690 3488 1014 3557 ἐκράτησαν.
1156 3495 1218 3541 11
1243 3489 1642 3543 Sehol.Luecm.
1670 3490 1757 3542 VI
1770 3493 1874 3541 134
1902 3487 2078 3541 Iulius
2100 3489 2189 3556 (ef.
2211 3488 2416 3542 Caeab.
2439 3490 2719 3562 011153)

412 3567 557 3621 dixit
595 3568 746 3636 quod
783 3584 896 3621 una
936 3568 1131 3622 cohors
1162 3568 1434 3636 CaesariS,
1474 3585 1617 3637 quae
1647 3568 1757 3620 fuit
1787 3571 1977 3621 sextae
2005 3568 2261 3637 legionis,
2305 3567 2468 3636 quasi
2496 3585 2599 3636 per
2625 3571 2710 3620 to-

410 3652 530 3701 tam
560 3648 708 3701 diem
740 3649 1009 3715 sustinuit
1038 3650 1308 3717 impetum
1330 3648 1578 3701 omnium
1605 3648 1894 3716 legionum
1914 3648 2141 3717 Pompei
2164 3651 2219 3701 et
2248 3648 2479 3701 inuenta
2500 3648 2711 3701 suntin

409 3728 564 3781 uallo
594 3728 846 3797 proiecta
876 3732 1069 3782 contra
1097 3729 1234 3782 istos
1263 3729 1415 3780 XXX
1443 3728 1602 3780 milia
1632 3729 1969 3796 sagittarum
1998 3731 2222 3796 praeter
2251 3744 2362 3793 eas,
2393 3745 2538 3795 quae
2567 3729 2714 3782 fixae

411 3813 574 3862 erant
600 3808 660 3861 in
691 3808 1014 3877 corporibus
1044 3809 1348 3861 hominum.
1500 3814 1563 3861 19
1596 3811 1668 3863 id.
1693 3809 1802 3861 III
1818 3813 1924 3862 624
1947 3808 2086 3861 dicit
2099 3808 2358 3862 Valerius
2381 3811 2576 3876 (1112,
2596 3812 2710 3877 22),

412 3888 710 3942 Suetonius
749 3892 805 3942 et
834 3889 1030 3942 Florus
1044 3891 1127 3958 (Id),
1168 3890 1319 3956 quod
1348 3888 1582 3942 Attilius
1620 3888 1783 3940 miles
1814 3887 2065 3942 Caesaris
2104 3888 2161 3940 in
2191 3888 2340 3941 bello
2370 3888 2711 3942 Massiliensi

411 3968 608 4023 iniecit
644 3985 873 4022 manum
910 3970 970 4021 in
1007 3969 1198 4021 nauim
1226 3969 1638 4022 Massiliensem
1676 3972 1732 4021 et
1769 3968 1870 4020 illa
1909 3970 2202 4036 amputata
2229 3968 2425 4022 iniecit
2454 3969 2624 4021 aliam
2655 3972 2715 4021 et

410 4051 529 4101 tam
560 4048 659 4101 diu
685 4049 879 4101 nanim
906 4049 1108 4116 tenuit,
1147 4050 1323 4102 donec
1352 4049 1818 4117 submergeretur,
1857 4051 2079 4101 secutus
2109 4048 2443 4115 Cynegirum
2472 4048 2712 4101 militem

411 4128 812 4182 Atheniensem
850 4130 909 4181 in
947 4129 1095 4182 bello
1126 4132 1320 4182 contra
1357 4129 1555 4181 Persas
1593 4129 1901 4182 secundum
1936 4127 2210 4181 Iustinum
2251 4130 2343 4197 (II
2379 4133 2431 4195 9,
2462 4134 2565 4198 16).

559 4325 584 4371 1
627 4318 675 4370 si
713 4336 812 4372 om.
856 4316 1227 4371 VR¹P¹O¹T
1259 4318 1340 4385 (in
1369 4316 1599 4381 RPSS„
1636 4334 1706 4368 m.
1739 4321 1768 4368 1
1809 4321 1873 4368 ut
1898 4315 2035 4381 uid.)
2183 4321 2212 4366 3
2251 4315 2377 4386 nec]
2417 4331 2488 4368 ne
2530 4318 2718 4370 MPO

416 4404 479 4451 13
509 4398 670 4451 milia
699 4399 1035 4467 sagittarum
1066 4397 1289 4449 circiter
1315 4415 1424 4448 xxx
1458 4396 1603 4449 Caes.
1628 4397 1674 4448 b.
1696 4413 1737 4449 e.
1762 4396 1871 4449 III
1884 4399 1954 4448 53
2101 4399 2166 4447 16
2197 4394 2326 4465 Gai]
2351 4414 2401 4447 o·
2434 4399 2480 4447 Τ
2620 4413 2714 4449 ex-

412 4495 544 4532 cuso
569 4481 643 4533 M
749 4484 812 4532 17
842 4477 1126 4531 transfixis
1146 4478 1379 4545 Bentley
1484 4481 1548 4528 19
1579 4476 1814 4544 puppim
1839 4475 1890 4528 G
1991 4481 2057 4528 20
2088 4475 2284 4528 dextra
2309 4477 2359 4528 G
2463 4482 2527 4528 21
2558 4479 2716 4529 tran-

412 4558 571 4612 siluit
602 4559 819 4624 MLS¹‚
848 4559 965 4611 -liit
989 4559 1065 4624 G,
1103 4557 1258 4609 -liuit
1284 4558 1377 4611 rel.
1408 4563 1457 4610 et
1486 4558 1550 4610 N
1689 4555 1880 4609 nauim
1914 4555 1964 4608 G

2211 4644 2277 4694 3*
