3325 5209
595 352 720 431 178
1296 363 1350 418 e.
1393 364 1706 417 sVEToNI
1744 363 2187 428 TRANQvlLLI

589 532 784 594 etiam
820 529 1073 592 nudam.
1139 525 1369 591 uxorio
1412 529 1672 590 nomine
1711 526 2008 610 dignatus
2046 531 2143 590 est
2180 528 2407 609 †quam
2448 528 2719 610 enixam,
2759 550 2887 591 uno

590 641 783 720 atque
831 636 1053 699 eodem
1102 634 1205 698 die
1250 634 1576 717 professus
1624 639 1689 697 et
1736 635 2037 697 maritum
2087 654 2152 697 se
2208 633 2342 698 eius
2390 638 2454 697 et
2499 639 2749 717 patrem
2794 630 2887 697 in-

519 761 552 808 4
591 744 786 807 fantis
835 766 913 806 ex
960 763 1032 805 ea
1077 746 1280 804 natae.
1364 741 1678 803 infantem
1727 745 1959 821 autem,
2005 737 2236 803 Iuliam
2276 738 2627 804 Drusillam
2676 740 2887 824 appel—

589 850 814 934 latam,
878 870 995 933 per
1061 849 1349 910 omnium
1416 847 1676 910 dearum
1741 846 1981 929 templa
2047 848 2495 911 circumferens
2560 846 2889 911 Mineruae

590 958 835 1041 gremio
891 954 1203 1038 imposuit
1258 954 1679 1036 alendamque
1743 957 1808 1017 et
1872 953 2332 1018 instituendam
2398 940 2887 1017 commendauit.
2945 981 2970 1021 5

588 1085 707 1128 nec
753 1062 889 1126 ullo
936 1060 1221 1125 firmiore
1268 1059 1507 1123 indicio
1557 1060 1655 1122 sui
1702 1060 1967 1123 seminis
2005 1082 2138 1123 esse
2179 1059 2475 1124 credebat
2511 1082 2705 1144 quam
2743 1060 2888 1123 feri-

589 1168 762 1247 tatis,
810 1190 970 1251 quae
1018 1168 1118 1232 illi
1167 1189 1422 1250 quoque
1468 1169 1650 1230 tanta
1698 1167 1827 1230 iam
1873 1171 2027 1230 tunc
2065 1172 2219 1250 erat,
2264 1171 2338 1230 ut
2375 1167 2627 1231 infestis
2666 1168 2887 1252 digitis

482 1276 572 1341 26
593 1298 705 1339 ora
754 1280 817 1338 et
866 1275 1089 1339 oculos
1137 1273 1332 1337 simul
1377 1272 1739 1336 ludentium
1787 1272 2132 1337 infantium
2174 1276 2535 1338 incesseret.
2627 1274 2768 1337 leue
2816 1296 2888 1338 ac

588 1381 901 1467 frigidum
968 1382 1054 1444 sit
1117 1380 1220 1442 his
1286 1379 1540 1462 addere,
1610 1401 1739 1462 quo
1806 1382 2206 1464 propinquos
2270 1381 2635 1462 amicosque
2698 1384 2886 1463 pacto

588 1486 981 1570 tractauerit,
1031 1486 1472 1551 Ptolemaeum
1510 1485 1684 1571 regis
1721 1485 1917 1550 Iubae
1954 1486 2181 1570 filium,
2218 1486 2670 1551 consobrinum
2699 1510 2886 1551 suum
2918 1515 2971 1554 ιο

588 1633 676 1640 -—
723 1597 860 1657 erat
906 1594 1075 1657 enim
1123 1596 1187 1656 et
1235 1592 1291 1656 is
1337 1592 1422 1657 M.
1459 1591 1709 1656 Antoni
1757 1614 1834 1656 ex
1884 1592 2108 1656 Selene
2153 1593 2287 1656 filia
2328 1615 2530 1677 nepos
2577 1632 2663 1640 —-
2709 1598 2774 1657 et
2820 1593 2887 1657 in

589 1702 814 1784 primis
871 1701 1082 1783 ipsum
1142 1699 1538 1782 Macronem,
1599 1699 1807 1782 ipsam
1866 1698 2171 1782 Enniam,
2231 1700 2551 1764 adiutores
2608 1700 2887 1784 imperii:

593 1807 827 1890 quibus
859 1805 1158 1870 omnibus
1187 1827 1303 1889 pro
1333 1806 1826 1870 necessitudinis
1857 1807 1992 1870 iure
2020 1827 2264 1889 proque
2284 1806 2659 1871 meritorum
2679 1806 2890 1892 gratia

590 1917 855 1978 cruenta
899 1934 1074 1976 mors
1121 1912 1449 1996 persoluta
1496 1916 1610 1976 est.

519 2039 549 2085 2
766 2018 991 2084 Nihilo
1037 2020 1436 2083 reuerentior
1481 2019 1771 2083 leniorue
1819 2040 1972 2104 erga
2015 2023 2328 2102 senatum,
2373 2021 2683 2103 quosdam
2721 2042 2887 2084 sum·
2917 2048 2968 2087 16

589 2127 714 2190 mis
769 2125 1129 2191 honoribus
1184 2124 1446 2189 functos
1504 2125 1583 2188 ad
1638 2126 1932 2189 essedum
1991 2126 2116 2189 sibi
2172 2147 2421 2190 currere
2467 2130 2729 2213 togatos
2774 2150 2889 2210 per

589 2233 837 2316 aliquot
895 2255 1205 2316 passuum
1266 2231 1446 2295 milia
1510 2235 1575 2295 et
1635 2232 1891 2296 cenanti
1955 2232 2145 2296 modo
2208 2233 2288 2295 ad
2344 2233 2636 2316 pluteum
2697 2234 2886 2297 modo

591 2341 670 2405 ad
723 2340 917 2423 pedes
974 2343 1145 2401 stare
1201 2338 1565 2402 succinctos
1620 2339 1822 2401 linteo
1869 2360 2097 2422 passus
2143 2343 2268 2423 est;
2323 2341 2485 2403 alios
2533 2361 2677 2404 cum
2725 2340 2887 2404 clam

590 2447 1048 2530 interemisset,
1107 2446 1303 2509 citare
1350 2445 1557 2508 nihilo
1606 2446 1820 2509 minus
1866 2451 1940 2509 ut
1985 2446 2170 2509 uiuos
2215 2449 2682 2531 perseuerauit,
2735 2470 2888 2530 pau-

522 2572 551 2619 3
593 2575 701 2618 cos
746 2557 896 2636 post
952 2553 1085 2616 dies
1141 2551 1507 2615 uoluntaria
1554 2557 1763 2615 morte
1818 2553 2060 2635 perisse
2107 2553 2430 2617 mentitus.
2516 2553 2886 2617 consulibus
2918 2582 2969 2620 20

591 2660 812 2723 oblitis
869 2659 945 2721 de
999 2642 1201 2721 natali
1263 2680 1379 2721 suo
1441 2659 1686 2722 edicere
1743 2658 2085 2745 abrogauit
2140 2659 2589 2744 magistratum
2635 2661 2887 2743 fuitque

589 2788 703 2849 per
756 2765 1040 2829 triduum
1089 2765 1225 2828 sine
1284 2787 1533 2829 summa
1580 2771 1901 2848 potestate
1957 2788 2055 2829 res
2102 2789 2160 2849 p.
2245 2771 2646 2848 quaestorem
2700 2788 2885 2829 suum

588 2874 657 2935 in
705 2872 1147 2936 coniuratione
1193 2874 1597 2936 nominatum
1645 2873 2002 2958 flagellauit
2041 2878 2217 2936 ueste
2256 2873 2538 2937 detracta
2577 2873 2886 2937 subiecta-

591 3001 715 3062 que
761 2979 1044 3042 militum
1092 2978 1382 3063 pedibuS,
1431 2991 1558 3061 quo
1607 2980 1792 3042 firme
1838 2980 2239 3043 uerberaturi
2285 2980 2672 3043 insisterent.

517 3103 550 3150 4
769 3084 979 3150 Simili
1049 3086 1350 3168 superbia
1418 3084 1856 3168 uiolentiaque
1934 3091 2178 3150 ceteros
2248 3086 2549 3149 tractauit
2615 3085 2885 3149 ordines
2916 3114 2967 3154 25

588 3192 982 3275 inquietatus
1045 3192 1308 3256 fremitu
1371 3193 1652 3277 gratuita
1716 3192 1784 3256 in
1850 3194 2018 3258 circo
2082 3193 2224 3258 loca
2290 3194 2365 3256 de
2428 3193 2636 3257 media
2698 3196 2887 3255 nocte

591 3299 1062 3383 occupantium,
1112 3299 1320 3362 omnis
1366 3300 1649 3364 fustibus
1698 3300 1940 3384 abegit3
1998 3300 2135 3363 elisi
2184 3322 2297 3382 per
2344 3323 2487 3364 eum
2536 3298 2887 3362 tumultum

589 3408 827 3491 uiginti
856 3406 1131 3490 amplius
1170 3404 1417 3487 equites
1447 3405 1541 3490 R,
1579 3406 1850 3469 totidem
1888 3411 2233 3490 matronae,
2273 3428 2464 3489 super
2489 3406 2886 3470 innumeram

588 3513 845 3576 turbam
909 3517 1201 3577 ceteram.
1300 3512 1607 3576 scaenicis
1668 3513 1865 3594 ludis,
1933 3514 2102 3576 inter
2159 3513 2412 3595 plebem
2482 3517 2545 3575 et
2606 3511 2886 3594 equitem

735 3649 765 3695 3
806 3645 873 3708 cf.
915 3645 988 3696 ad
1017 3661 1075 3710 p.
1110 3647 1236 3707 176,
1260 3648 1330 3695 16

740 3775 766 3819 1
810 3784 979 3833 quam
1032 3766 1255 3819 enixam
1299 3774 1425 3834 post
1470 3768 1678 3819 nudam
1730 3769 1997 3822 collocant
2044 3771 2092 3820 Τ
2124 3770 2341 3837 (amq),
2401 3784 2512 3820 non
2563 3768 2718 3836 prius
2761 3774 2890 3835 post

588 3846 812 3900 nomine
866 3848 1124 3899 eoecidisse
1161 3849 1385 3900 uidetur
1421 3848 1648 3911 Rothio,
1700 3848 1854 3901 haud
1905 3851 2035 3901 ante
2077 3854 2198 3915 post
2246 3849 2456 3901 nudam
2499 3848 2664 3913 Oud.;
2717 3863 2888 3914 quam

589 3934 902 3997 corruptum
924 3934 1092 3995 putat
1120 3929 1388 3981 Bt'c'eheler
1417 3929 1688 3981 coniciens
1716 3928 2067 3999 qua<rtu>m
2097 3930 2186 3981 uel
2213 3929 2413 3995 quarto
2563 3934 2591 3979 3
2631 3930 2768 3981 nata
2801 3930 2886 3991 M,

588 4009 709 4061 nati
742 4009 846 4060 ΧΗ
956 4013 986 4060 6
1025 4008 1237 4060 indicio
1266 4006 1417 4060 T'P2
1447 4006 1531 4075 (ai'
1560 4007 1768 4060 iudicio
1792 4008 1887 4075 11²,
1915 4010 1993 4060 sie
2027 4010 2275 4078 Bentley,
2301 4009 2370 4073 cf.
2394 4026 2452 4075 p.
2477 4012 2600 4071 164,
2623 4014 2731 4075 10),
2763 4013 2887 4075 post

588 4088 831 4140 feritatis
860 4089 1017 4140 habet
1040 4089 1090 4140 G
1113 4090 1287 4141 neseio
1323 4105 1399 4140 an
1431 4090 1633 4151 melius,
1666 4105 1764 4140 om.
1793 4089 2102 4155 .‘‡[L1²¹(ef.
2126 4089 2314 4141 Herm.
2332 4092 2473 4156 3610.
2495 4091 2630 4155 296)
2742 4093 2773 4140 8
2803 4089 2885 4140 in-

591 4167 819 4219 cesserit
850 4168 918 4231 L,
957 4171 1252 4234 appeteret
1280 4169 1347 4220 N
1503 4174 1565 4218 11
1608 4168 1678 4219 iis
1711 4169 1854 4233 MR,
1893 4169 1980 4220 his
2020 4170 2083 4222 δι
2246 4168 2475 4220 antonio
2508 4170 2580 4221 M
2588 4168 2620 4233 ¹,
2668 4167 2886 4220 antonii

593 4246 688 4300 Μ2
716 4248 806 4298 rel.
935 4246 1133 4318 helene
1173 4250 1282 4315 (uel
1319 4264 1429 4312 —ne‚
1468 4248 1505 4299 h
1545 4250 1605 4300 in
1635 4248 1678 4300 S
1703 4266 1791 4313 33„
1830 4248 1954 4301 leue
1992 4250 2060 4316 T)
2093 4254 2149 4302 X
2286 4254 2349 4301 16
2388 4264 2673 4300 occurrere
2716 4247 2885 4311 T'P2‚

591 4342 876 4377 accurrere
910 4327 1139 4379 Casaub.
1292 4334 1355 4379 19
1385 4332 1449 4380 ut
1476 4327 1637 4379 uiuos
1678 4345 1776 4381 om.
1811 4345 1862 4392 ς,
1891 4330 1990 4381 del.
2023 4330 2252 4397 Bentley
2397 4334 2464 4381 20
2495 4327 2885 4398 <e>mentitus

590 4407 822 4473 Bentley
857 4407 982 4471 fort.
1013 4413 1147 4459 reete
1259 4414 1325 4459 24
1365 4424 1475 4475 qua
1512 4406 1668 4459 firme
1701 4410 1786 4461 uel
1814 4410 2004 4476 potius
2032 4426 2140 4475 quo
2172 4408 2379 4460 firmius
2411 4409 2587 4461 Pozak
2697 4414 2761 4459 25
2802 4408 2886 4459 in—

590 4485 939 4553 solentiaque
980 4488 1213 4556 Bentley
