3325 5209
940 1630 1023 1715 C.
1092 1627 1533 1714 SVETONI
1598 1627 2233 1730 TRANQVILLI

754 1801 961 1898 DE
1034 1800 1438 1896 VITA
1511 1797 2402 1896 CAESARVM

1404 2004 1623 2060 LIBER
1658 2006 1764 2060 VII

794 2156 1186 2238 GALBA
1326 2154 1637 2237 OTHO
1778 2152 2384 2234 VITELLIVS

1410 2311 1465 2376 Gr
1486 2311 1546 2375 A
1564 2311 1617 2375 L
1639 2312 1695 2375 B
1714 2311 1774 2374 A

616 2511 960 2596 Progenies
1026 2508 1367 2573 Caesarum
1430 2510 1499 2572 in
1557 2506 1814 2571 Nerone
1877 2506 2133 2571 defecit:
2204 2506 2376 2588 quod
2444 2507 2734 2572 futurum
2765 2505 2803 2570 l

440 2617 872 2701 compluribus
922 2616 1178 2698 quidem
1227 2616 1450 2700 sigm‘S,
1498 2615 1608 2679 sed
1646 2617 1753 2678 uel
1790 2613 2290 2677 euidentissimis
2332 2613 2582 2677 duobus
2628 2636 2737 2697 ap-

439 2725 669 2808 paruit.
750 2723 973 2787 Liuiae
1019 2722 1175 2786 olim
1221 2727 1370 2805 post
1416 2722 1702 2807 Augusti
1750 2721 1966 2785 statim
2015 2721 2275 2804 nuptias
2305 2720 2734 2784 Veientanum

442 2853 625 2894 suum
673 2831 981 2894 reuisenti
1025 2831 1501 2912 praeteruolans
1550 2828 1766 2911 aquila
1803 2827 2110 2914 gallinam
2159 2827 2370 2890 albam
2415 2827 2736 2891 ramulum

388 2959 412 2999 5
439 2935 607 3000 lauri
651 2940 865 3000 rostro
921 2940 1273 3019 tenentem,
1319 2936 1409 2999 ita
1465 2939 1538 2999 ut
1583 2940 1908 3019 rapuerat,
1966 2935 2222 2998 demisit
2279 2935 2346 2998 in
2393 2935 2738 3019 gremium3

440 3065 710 3126 cumque
756 3043 987 3107 nutriri
1026 3042 1261 3124 alitem,
1308 3043 1504 3126 pangi
1551 3043 1869 3106 ramulum
1908 3043 2270 3125 placuisset,
2318 3045 2497 3104 tanta
2533 3041 2740 3125 pullo-

438 3173 582 3215 rum
624 3150 879 3213 suboles
917 3150 1233 3232 prouenit,
1271 3153 1344 3212 ut
1381 3149 1702 3231 hodieque
1740 3171 1814 3212 ea
1851 3150 2009 3212 uilla
2047 3149 2134 3211 ad
2174 3147 2518 3212 Gallinas
2555 3170 2739 3211 uoce-

438 3261 562 3339 tur,
607 3256 736 3319 tale
781 3278 936 3319 uero
972 3257 1314 3337 lauretum,
1358 3260 1432 3318 ut
1469 3255 1929 3337 triumphaturi
1970 3253 2269 3318 Caesares
2307 3255 2454 3318 inde
2492 3254 2739 3318 laureas

441 3364 875 3447 decerperent3
941 3361 1191 3444 fuitque
1240 3356 1380 3424 mes
1428 3360 1997 3443 triumphantibuS,
2045 3361 2202 3424 alias
2251 3362 2584 3425 confestim
2638 3384 2738 3426 eo-

586 3572 612 3616 1
639 3582 755 3632 sqq.
781 3565 965 3618 Victor
986 3565 1134 3618 Caes.
1154 3569 1204 3629 5,
1222 3567 1293 3616 17
1312 3562 1406 3616 hic
1425 3562 1553 3615 finis
1572 3562 1870 3616 Caesarum
1889 3562 2048 3631 genti
2069 3563 2202 3615 fuit:
2227 3579 2394 3631 quem
2413 3563 2530 3616 fore
2548 3564 2738 3632 prodi·

406 3642 409 3643 ⁷
440 3645 663 3714 giorum
698 3644 879 3697 multa
908 3643 1313 3697 denuntiauere
1350 3644 1765 3712 praecipueque
1796 3659 1984 3696 eorum
2023 3643 2272 3711 praediis
2301 3659 2558 3697 arescens
2594 3643 2742 3696 lauri

440 3741 637 3779 nemus
676 3724 927 3777 dicatum
965 3722 1448 3792 triumphantibus
1487 3725 1659 3789 atque
1699 3722 1961 3776 interitus
1999 3722 2366 3791 gannarum‚
2416 3739 2560 3791 quae
2598 3724 2739 3776 adeo

441 3804 654 3858 multae
691 3805 964 3871 albaeque
1003 3806 1164 3857 erant
1201 3803 1559 3872 aptioresque
1587 3802 1976 3872 religionibus,
2013 3805 2080 3855 ut
2115 3803 2186 3856 iis
2215 3803 2429 3857 Romae
2465 3803 2742 3857 habeatur

443 3883 612 3937 hodie
639 3883 809 3937 locus.
884 3886 1121 3952 Eutrop.
1165 3885 1290 3937 VII
1311 3888 1395 3949 15,
1425 3888 1459 3937 3
1489 3883 1548 3936 in
1578 3900 1642 3937 eo
1674 3883 1854 3936 omnis
1883 3883 2129 3951 Augusti
2161 3883 2382 3936 familia
2411 3886 2742 3952 consumpta

446 3963 532 4015 est
584 3964 759 4031 (Hier.
802 3965 982 4018 chron.
1023 3982 1074 4017 a.
1112 3967 1261 4017 2084
1314 3964 1462 4018 Oros.
1505 3965 1628 4018 VII
1660 3967 1710 4029 7,
1741 3964 1845 4032 13).
1947 3963 2118 4017 Schol.
2160 3965 2288 4017 qu.
2323 3968 2376 4029 4,
2406 3967 2480 4017 38
2526 3963 2585 4016 in
2640 3963 2741 4016 illo

446 4042 745 4097 Caesarum
782 4043 938 4112 origo
977 4044 1201 4097 defecit.
1276 4046 1344 4111 cf.
1375 4048 1586 4098 Auson.
1615 4047 1745 4110 266,
1776 4049 1806 4098 1

591 4229 621 4275 2
660 4221 753 4276 uel
790 4239 889 4275 om.
928 4224 1190 4293 T.(uuly.)
1321 4229 1348 4274 7
1390 4222 1557 4275 hodie
1586 4238 1809 4290 quoque
1839 4224 1901 4274 H
1935 4223 2145 4292 (uum),
2182 4221 2352 4274 hodie
2380 4224 2439 4273 X
2556 4226 2586 4273 9
2617 4230 2747 4290 post

449 4305 812 4372 decerperent
845 4304 1087 4369 spatium
1123 4320 1312 4357 uersus
1347 4305 1518 4356 unius
1563 4309 1611 4356 et
1648 4303 1874 4356 dimidii
1907 4320 2147 4356 uacuum
2183 4303 2430 4356 relictum
2465 4305 2528 4356 in
2567 4304 2643 4356 M

446 4384 668 4452 fuitque
704 4400 825 4436 mos
862 4383 1344 4451 triumphantibus
1382 4384 1481 4438 del.
1514 4385 1748 4453 Bentley
1786 4385 1963 4453 leyens
1998 4383 2364 4451 decerperent
2400 4384 2458 4434 et
2495 4381 2741 4436 alias...

446 4465 783 4534 pangerent3
823 4463 1181 4516 obseruatum
1209 4465 1296 4516 est
1324 4465 1380 4517 et
1409 4463 1512 4517 sub
1541 4481 1641 4531 eqs.
1791 4463 1956 4532 alias]
1988 4479 2082 4515 eas
2112 4463 2359 4531 Lz‘pSiuS‚
2387 4461 2516 4514 illas
2545 4463 2741 4516 Bwrm.

437 4551 665 4615 propter
702 4545 851 4599 Ptin.
891 4550 1007 4597 nat.
1036 4544 1159 4597 hist.
1192 4544 1314 4597 XV
1336 4548 1444 4598 136
1461 4561 1537 4611 sq.
