3325 5209
1029 394 1207 449 DIVV
1210 395 1244 448 S
1287 394 1777 450 VESPASIANVS
1827 407 1957 456 [οΑΡ.
1978 408 2155 458 23—25]
2612 397 2742 461 323

443 557 557 621 ubi
604 558 918 621 aestiuare
967 557 1313 641 quotannis
1361 557 1627 641 solebat,
1672 560 1851 641 petit.
1933 559 2041 622 hic
2087 581 2232 623 cum
2280 582 2473 644 super
2515 582 2744 646 urgen-

446 669 574 729 tem
630 663 1056 729 ualitudinem
1112 664 1497 729 creberrimo
1538 665 1833 750 frigidae
1900 688 2101 750 aquae
2157 689 2275 731 usu
2333 668 2527 731 etiam
2583 666 2742 731 inte-

447 772 617 836 stina
671 771 965 836 uitiasset
1019 793 1135 835 nec
1191 793 1265 836 eo
1312 772 1525 836 minus
1573 772 1944 836 muneribus
1991 772 2425 856 imperatoriis
2471 795 2550 837 ex
2597 795 2742 838 con-

446 878 782 942 suetudine
819 877 1214 964 fungeretur,
1263 882 1335 941 ut
1371 878 1563 942 etiam
1602 878 1959 964 legationes
1996 880 2246 944 audiret
2284 880 2545 963 cubam,
2592 881 2740 945 aluo

394 989 703 1069 srepente
739 1006 942 1069 usque
981 985 1060 1049 ad
1100 985 1523 1050 defectionem
1562 985 1792 1069 soluta,
1830 986 2370 1070 imperatorem
2409 988 2500 1051 ait
2539 993 2743 1053 stan-

442 1096 587 1156 tem
637 1093 830 1156 mori
878 1095 1263 1176 oportere3
1311 1091 1591 1175 dumque
1630 1093 1964 1178 consurgit
2001 1115 2075 1159 ac
2111 1094 2361 1178 nititur,
2406 1095 2576 1159 inter
2613 1093 2740 1158 ma·

439 1221 563 1263 nus
611 1198 1088 1262 subleuantium
1137 1200 1457 1262 extinctus
1506 1203 1605 1262 est
1652 1197 1861 1264 VIIII.
1909 1199 2050 1265 Kal.
2088 1198 2207 1264 Iul.
2256 1223 2495 1265 annum
2543 1224 2739 1288 agens

440 1305 671 1370 aetatis
731 1306 1245 1390 sexagensimum
1308 1328 1380 1370 ac
1437 1328 1682 1370 nonum
1739 1329 2054 1391 superque
2111 1330 2391 1372 mensem
2448 1331 2521 1372 ac
2570 1308 2738 1372 diem

440 1413 803 1496 septimum.

360 1545 412 1584 ιο
620 1517 938 1583 Conuenit
985 1518 1152 1583 inter
1209 1521 1435 1603 omnis,
1492 1524 1625 1583 tam
1675 1525 1918 1584 certum
1977 1543 2121 1585 eum
2169 1521 2245 1585 de
2293 1543 2408 1586 sua
2454 1544 2741 1588 suorum·
2757 1523 2845 1590 25

441 1647 563 1709 que
618 1626 915 1709 genitura
972 1647 1220 1708 semper
1274 1625 1491 1709 fuisse,
1550 1631 1623 1690 ut
1678 1630 1828 1711 post
1884 1629 2169 1693 assiduas
2225 1630 2293 1693 in
2340 1651 2405 1693 se
2453 1630 2740 1694 coniura—

439 1733 647 1795 tiones
706 1754 897 1796 ausus
954 1733 1041 1797 sit
1095 1732 1433 1796 adfirmare
1488 1735 1739 1798 senatui
1793 1738 1924 1797 aut
1978 1735 2197 1800 filios
2243 1737 2396 1800 sibi
2443 1758 2740 1802 succes·

442 1859 661 1901 suros
692 1841 821 1901 aut
848 1840 1095 1902 nemin
1114 1862 1241 1903 em.
1317 1838 1552 1905 dicitur
1579 1841 1774 1903 etiam
1802 1841 2041 1905 uidisse
2071 1843 2394 1925 quondam
2423 1866 2539 1927 per
2569 1845 2740 1927 quie·

440 1948 569 2008 tem
618 1948 922 2009 stateram
977 1946 1186 2009 media
1230 1950 1410 2030 parte
1456 1947 1764 2011 uestibuli
1809 1946 2138 2012 Palatinae
2186 1948 2414 2014 domus
2459 1951 2739 2034 positam

361 2075 411 2116 1⁵
441 2052 729 2115 examine
776 2073 999 2135 aequ0‚
1048 2074 1191 2116 cum
1240 2055 1308 2116 in
1354 2054 1554 2117 altera
1599 2055 1782 2118 lance
1822 2051 2125 2118 Claudius
2166 2059 2229 2119 et
2264 2055 2438 2120 Nero
2477 2061 2739 2139 starent,

435 2157 504 2220 in
551 2156 751 2221 altera
796 2159 935 2241 ipse
982 2180 1056 2221 ac
1101 2158 1239 2222 filii.
1319 2180 1439 2224 nec
1483 2181 1585 2223 res
1631 2160 1880 2243 fefellit,
1928 2160 2199 2244 quando·
2231 2162 2504 2227 totidem
2551 2164 2736 2226 annis

435 2265 703 2348 parique
751 2266 1062 2348 temporis
1110 2267 1319 2349 spatio
1367 2268 1625 2350 utrique
1673 2269 2168 2351 imperauerunt.

581 2443 647 2491 10
698 2441 935 2508 Eutrop.
978 2441 1101 2494 VII
1128 2445 1222 2507 20,
1241 2446 1276 2495 3
1314 2442 1634 2511 genituram
1670 2442 1914 2496 filiorum
1949 2444 2032 2497 ita
2072 2443 2355 2512 cognitam
2391 2443 2618 2511 habuit,
2655 2446 2736 2511 ut,
2808 2508 2811 2509 ⁷

437 2536 564 2572 611111
600 2519 811 2573 multae
851 2523 1045 2574 contra
1083 2537 1211 2575 eum
1249 2515 1663 2576 coniurationes
1703 2523 1924 2589 fierent,
1977 2540 2116 2592 quas
2162 2522 2480 2591 patefactas
2517 2523 2738 2593 ingenti

437 2598 888 2654 dissimulatione
917 2601 1256 2670 contempsit
1284 2603 1374 2671 (cf.
1410 2604 1559 2671 Vesp.
1591 2605 1698 2671 14),
1737 2603 1796 2655 in
1835 2605 2034 2658 senatu
2073 2602 2294 2670 dixerit,
2327 2607 2426 2658 aut
2452 2603 2599 2658 filios
2628 2605 2738 2658 sibi

436 2695 785 2733 successuros
834 2681 935 2732 aut
978 2681 1276 2735 neminem.
1361 2683 1545 2737 Victor
1585 2683 1735 2737 Caes.
1775 2687 1827 2749 9,
1856 2688 1889 2736 4
1946 2683 2155 2736 diuinis
2204 2684 2453 2752 deditus,
2501 2701 2739 2752 quorum

433 2773 569 2811 uera
606 2758 890 2827 plerisque
937 2761 1180 2829 negotiis
1228 2765 1600 2829 compererat,
1650 2779 1996 2818 successores
2042 2764 2257 2818 fidebat
2300 2764 2507 2818 liberos
2545 2764 2738 2818 Titum

436 2853 501 2891 ac
537 2837 925 2892 Domitianum
960 2839 1095 2894 fore.

580 3005 607 3052 1
646 2999 817 3067 petiit
852 2999 980 3054 T'P
1101 3007 1134 3053 4
1170 3002 1237 3053 ut
1272 3001 1373 3055 del.
1405 3003 1639 3073 Bentley
1786 3010 1814 3056 7
1854 3020 2052 3074 gerens
2085 3009 2134 3058 Τ
2161 3007 2355 3076 (moly.)
2500 3011 2533 3059 8
2572 3023 2738 3074 super

434 3096 683 3134 mensem
730 3079 804 3132 ad
846 3079 897 3133 G
1063 3086 1126 3133 12
1185 3097 1531 3135 successores
1580 3083 1786 3139 ML¹S
1829 3085 1918 3154 (cf.
1958 3087 2150 3140 testim.
2188 3088 2381 3155 supra)
2555 3091 2620 3139 14
2676 3086 2735 3139 in

432 3159 621 3214 media
665 3162 713 3212 Τ
854 3164 920 3212 15
969 3177 1096 3213 611111
1132 3160 1213 3231 111]
1254 3178 1378 3214 611111
1425 3164 1485 3227 Y,
1524 3161 1681 3216 cuius
1722 3165 1953 3233 Bentley

574 3250 776 3303 subscr.
854 3266 901 3302 6.
940 3249 1161 3303 suetoni
1198 3250 1494 3318 tranquilli
1541 3252 1611 3304 de
1656 3253 1780 3306 uita
1818 3270 2107 3308 caesarum
2155 3254 2321 3308 diuus
2366 3256 2734 3325 nespasianus

434 3328 633 3398 explic.
671 3328 875 3397 incipit
913 3329 1078 3383 diuus
1115 3329 1255 3384 titus
1302 3330 1548 3385 feliciter
1585 3333 1660 3386 Μ
1693 3339 1745 3386 et
1778 3334 1895 3388 sim.
1940 3335 2166 3390 GHRP
2207 3335 2394 3404 (diuus
2432 3343 2558 3390 ante
2595 3335 2735 3390 titus

433 3425 533 3463 om.
569 3409 638 3474 G,
667 3407 911 3463 feliciter
936 3427 1037 3464 om.
1070 3412 1142 3476 R,
1179 3411 1385 3479 incipit
1405 3443 1473 3450 —
1493 3411 1739 3466 feliciter
1766 3430 1867 3468 om.
1899 3416 1978 3484 P)
2089 3415 2322 3483 explicit
2348 3415 2732 3484 uespasianus.

433 3489 639 3557 incipit
675 3489 841 3542 diuus
878 3490 1018 3543 titus
1056 3489 1300 3544 feliciter
1336 3491 1382 3560 Q
1531 3493 1767 3561 explicit
1802 3493 1900 3547 lib.
1931 3494 1996 3547 X.
2036 3495 2241 3563 incipit
2279 3496 2348 3548 de
2385 3495 2494 3549 tito
2530 3495 2628 3551 lib.
2659 3495 2737 3560 XI

434 3569 532 3624 LS
565 3569 657 3636 (de
695 3568 802 3622 tito
840 3587 940 3624 om.
972 3571 1041 3640 S)

2300 4616 2364 4689 2'1
2381 4636 2407 4664 ·
