3325 5209
1227 408 1560 464 TIBERIVS
1600 420 1732 471 [cm.
1764 421 1941 471 24—28]
2610 411 2738 476 135

434 554 608 637 cerni
665 573 792 638 sibi
844 573 1206 657 prohibuit,
1264 573 1458 637 etiam
1515 577 1760 637 statuas
1808 577 2001 656 atque
2055 574 2371 660 imagines
2415 574 2541 637 nisi
2597 596 2737 659 per-

435 680 733 744 mittente
790 700 856 743 se
913 678 1093 763 poni:
1159 679 1579 763 permisitque
1636 701 1712 743 ea
1768 679 1905 742 sola
1965 679 2368 765 condicione,
2426 703 2507 745 ne
2567 682 2738 746 inter

437 786 778 851 simulacra
842 787 1107 850 deorum
1173 786 1284 849 sed
1347 785 1517 849 inter
1582 789 1959 851 ornamenta
2014 786 2269 851 aedium
2322 792 2735 872 ponerentur.

436 892 796 957 intercessit
843 895 908 956 et
954 914 1081 975 quo
1130 891 1344 956 minus
1391 891 1460 955 in
1506 895 1648 956 acta
1696 914 1812 956 sua
1858 892 2203 979 iuraretur,
2261 898 2326 960 et
2371 916 2451 958 ne
2498 895 2737 960 mensis
2778 912 2811 958 2

383 1023 408 1064 ⁶
439 998 818 1084 September
872 998 1194 1084 Tiberius,
1252 997 1533 1063 October
1577 999 1805 1063 Liuius
1859 1004 2261 1066 uocarentur.
2342 1024 2738 1085 praenomen

435 1127 692 1190 quoque
738 1106 1145 1190 imperatoris
1192 1126 1678 1192 cognomenque
1725 1106 1930 1190 patris
1966 1106 2215 1190 patriae
2252 1112 2316 1171 et
2354 1108 2627 1173 ciuicam
2665 1109 2734 1173 in

435 1213 758 1277 uestibulo
814 1234 1116 1277 coronam
1173 1213 1520 1297 recusauit3
1580 1235 1653 1278 ac
1709 1234 1789 1277 ne
1834 1212 2119 1300 Augusti
2175 1215 2435 1298 quidem
2481 1236 2737 1300 nomen,

436 1341 802 1403 quanquam
848 1319 1331 1403 hereditarium,
1377 1320 1575 1385 nullis
1621 1320 1749 1384 nisi
1797 1319 1877 1383 ad
1922 1342 2105 1407 reges
2152 1342 2225 1386 ac
2262 1322 2566 1404 dynastas
2606 1322 2737 1407 epi-

435 1427 620 1490 stulis
667 1426 926 1490 addidit.
1010 1447 1126 1490 nec
1174 1426 1450 1510 amplius
1497 1449 1691 1510 quam
1740 1448 1893 1492 mox
1929 1431 2060 1491 tres
2099 1428 2485 1513 consulatuS,
2531 1451 2736 1495 unum

355 1558 407 1599 ιο
432 1533 653 1616 paucis
702 1533 944 1616 diebuS,
992 1533 1265 1597 alterum
1313 1533 1522 1597 tribus
1569 1534 1916 1617 mensibuS,
1960 1534 2226 1602 tertium
2266 1535 2493 1599 absens
2531 1557 2736 1618 usque

436 1640 503 1704 in
549 1639 702 1704 Idus
747 1639 951 1703 Maias
998 1641 1212 1725 gessit.

614 1746 1038 1811 Adulationes
1093 1746 1248 1810 adeo
1307 1751 1638 1811 auersatus
1696 1753 1817 1830 est,
1872 1752 1946 1812 ut
1995 1749 2317 1813 neminem
2365 1753 2735 1813 senatorum
2752 1744 2844 1810 27

437 1859 548 1918 aut
595 1853 795 1917 officii
843 1856 954 1916 aut
998 1853 1245 1938 negotii
1293 1875 1484 1917 causa
1521 1854 1601 1917 ad
1636 1854 1934 1918 lecticam
1974 1876 2155 1918 suam
2194 1855 2543 1939 admiserit,
2592 1877 2737 1919 con·

437 1960 714 2024 sularem
769 1981 922 2023 uero
979 1959 1479 2024 satisfacientem
1535 1960 1660 2024 sibi
1718 1982 1791 2024 ac
1846 1982 1960 2044 per
2013 1982 2224 2046 genua
2280 1983 2462 2026 orare
2509 1984 2739 2026 conan-

358 2089 409 2131 15
438 2072 568 2131 tem
625 2066 717 2130 ita
770 2066 1138 2152 suffugerit,
1194 2070 1268 2129 ut
1315 2066 1568 2130 caderet
1623 2068 1919 2152 supinus3
1971 2071 2164 2149 atque
2211 2067 2433 2151 etiam,
2481 2069 2533 2131 si
2582 2068 2740 2151 quid

438 2173 504 2237 in
552 2195 843 2237 sermone
888 2173 995 2236 uel
1042 2172 1109 2235 in
1157 2172 1462 2236 continua
1510 2174 1799 2237 oratione
1847 2173 2144 2238 blandius
2181 2174 2258 2237 de
2296 2196 2363 2237 se
2401 2174 2744 2257 diceretur,

437 2303 565 2345 non
617 2279 940 2345 dubitaret
987 2279 1397 2363 interpellare
1439 2301 1513 2343 ac
1550 2279 2017 2364 reprehendere
2055 2284 2120 2343 et
2158 2284 2551 2344 commutare
2592 2302 2742 2345 con-

438 2387 638 2450 tinu0.
726 2386 1026 2451 dominus
1075 2385 1436 2470 appellatus
1482 2409 1520 2450 a
1565 2386 1846 2469 quodam
1894 2386 2317 2469 denuntiauit,
2364 2407 2443 2450 ne
2491 2408 2559 2451 se
2606 2409 2736 2450 am-

436 2494 608 2576 plius
648 2493 1072 2558 contumeliae
1112 2513 1302 2557 causa
1329 2492 1709 2557 nominaret.
1785 2493 1985 2557 alium
2016 2493 2331 2557 dicentem
2361 2515 2571 2557 sacras
2600 2494 2739 2557 eius

357 2623 410 2663 20
439 2600 890 2684 occupationes
936 2604 1001 2663 et
1046 2621 1266 2665 rursus
1304 2600 1520 2683 alium,
1559 2605 1821 2665 auctore
1859 2622 1935 2664 eo
1975 2604 2267 2664 senatum
2305 2622 2371 2665 se
2410 2600 2740 2685 a[u]disse,

437 2706 635 2772 uerba
688 2711 940 2771 mutare
986 2710 1050 2769 et
1091 2729 1209 2789 pro
1259 2711 1519 2771 auctore
1567 2729 1922 2790 suasorem,
1969 2730 2088 2791 pro
2138 2707 2333 2771 sacris
2378 2706 2737 2771 laboriosas

440 2813 648 2877 dicere
704 2814 933 2900 coegit.
1028 2814 1138 2877 sed
1193 2817 1257 2878 et
1321 2813 1628 2878 aduersus
1695 2814 1986 2877 conuicia
2050 2814 2381 2897 malosque
2446 2835 2737 2878 rumores
2754 2809 2845 2874 28

439 2925 502 2984 et
557 2921 805 2985 famosa
859 2921 936 2984 de
988 2941 1058 2984 se
1113 2943 1188 2985 ac
1246 2921 1379 2984 suis
1436 2922 1720 2984 carmina
1771 2921 1999 2985 firmus
2047 2944 2122 2986 ac
2168 2922 2420 3005 patiens
2469 2921 2739 2985 subinde

440 3027 717 3092 iactabat
754 3027 831 3091 in
868 3027 1193 3091 ciuitate
1231 3027 1481 3091 libera
1526 3027 1872 3113 linguam
1920 3032 2400 3111 mentemque
2446 3027 2739 3091 liberas

358 3156 411 3196 25
440 3154 600 3197 esse
650 3134 947 3217 debere3
1006 3136 1069 3196 et
1116 3134 1441 3217 quondam
1489 3139 1716 3199 senatu
1770 3134 2207 3220 cognitionem
2257 3135 2332 3197 de
2379 3135 2514 3198 eius
2563 3133 2739 3198 modi

440 3240 811 3305 criminibus
860 3262 933 3304 ac
980 3242 1105 3305 reis
1152 3240 1512 3327 flagitante:
1566 3262 1717 3304 non
1764 3246 2088 3326 tantum,
2144 3242 2374 3325 inquit,
2421 3241 2566 3304 otii
2612 3241 2742 3304 ha-

441 3346 725 3430 bemuS,
771 3352 853 3410 ut
899 3347 1299 3431 implicare
1336 3370 1470 3413 nos
1509 3348 1872 3432 pluribus
1913 3348 2256 3434 negotiis
2306 3347 2739 3433 debeamus3

440 3453 506 3518 si
559 3453 752 3519 hanc
805 3455 1224 3519 fenestram
1281 3454 1781 3540 aperueritis,
1839 3455 2038 3519 nihil
2095 3454 2312 3523 aliud
2362 3455 2485 3540 agi
2544 3455 2743 3518 sine-

586 3688 651 3735 18
689 3682 759 3749 ef.
800 3683 874 3736 ad
909 3686 1053 3753 Auy.
1086 3687 1157 3737 53

586 3903 616 3950 2
655 3914 726 3950 ne
765 3914 865 3951 om.
899 3898 948 3950 G
1072 3904 1102 3950 6
1142 3913 1451 3966 cognomen
1490 3913 1713 3964 quoque
1757 3900 1807 3950 Τ
1923 3903 1955 3950 8
1993 3896 2316 3950 hereditarii
2345 3897 2419 3949 M
2425 3897 2503 3950 1Π
2618 3896 2744 3948 nul-

441 3976 530 4030 lus
555 3979 641 4041 M,
678 3976 849 4030 nullis
877 3979 968 4030 rel.
1001 3979 1290 4048 (Bentley),
1319 3976 1452 4029 ullis
1482 3978 1603 4033 edd.
1716 3983 1745 4029 9
1776 3978 1926 4048 mox]
1956 3977 2181 4031 omnino
2209 3980 2259 4030 Τ
2364 3983 2428 4030 11
2468 3977 2528 4029 in
2548 3976 2739 4048 (VII)
2790 3993 2796 4001 ’

441 4056 570 4110 idus
605 4058 876 4111 Graevius
1056 4063 1119 4110 12
1160 4061 1453 4111 auersatus
1485 4058 1679 4111 LPN
1708 4063 1759 4110 et
1794 4057 1873 4111 sie
1907 4074 2042 4112 corr.
2082 4058 2144 4110 in
2186 4057 2238 4111 G
2275 4059 2467 4125 (manu
2505 4059 2741 4125 antiqua

441 4144 567 4192 teste
594 4140 667 4208 9),
707 4138 962 4189 uersatus
994 4136 1056 4202 V,
1093 4137 1425 4191 aduersatus
1458 4135 1691 4192 MG1Y'
1715 4137 1847 4205 (m)
2032 4143 2096 4190 13
2134 4136 2245 4189 nisi
2282 4145 2410 4192 ante
2439 4139 2604 4206 prius
2641 4140 2741 4191 aut

440 4218 571 4272 add.
602 4235 635 4276 ς
673 4216 860 4285 (Oud.)
1010 4223 1074 4269 14
1113 4216 1220 4270 sibi
1262 4224 1386 4285 post
1422 4233 1607 4287 genua
1644 4219 1902 4272 iteratum
1939 4218 2002 4270 in
2041 4220 2097 4269 X
2237 4222 2301 4270 15
2342 4216 2650 4287 suffugeret
2690 4219 2742 4272 G

447 4304 510 4352 17
552 4297 831 4350 dubitarit
867 4297 1098 4366 Bentley
1243 4303 1310 4349 20
1358 4313 1416 4350 se
1455 4298 1641 4351 adisse
1682 4315 1714 4356 ς
1762 4297 1901 4365 (edd.
1927 4314 2014 4366 pr.
2055 4299 2264 4366 Rom),
2320 4313 2378 4350 se
2426 4298 2648 4351 audisse
2688 4302 2742 4350 ,Ω

443 4382 522 4447 (se
559 4379 623 4430 in
664 4377 716 4431 G
751 4380 871 4446 aa),
927 4375 1190 4428 statuisse
1231 4379 1533 4431 Mommsen
1708 4383 1775 4431 23
1816 4378 1886 4432 de
1917 4385 2044 4446 post
2080 4393 2145 4432 ac
2183 4380 2348 4431 iterat
2386 4379 2438 4431 V
2602 4378 2742 4430 satis

441 4458 630 4510 firmus
670 4459 742 4511 H
886 4462 955 4509 24
990 4457 1320 4523 mentesque
1354 4457 1479 4510 GN
1484 4457 1504 4487 ²
1649 4463 1717 4510 25
1756 4458 2043 4525 quoddam
2076 4459 2127 4513 G
2272 4460 2530 4510 senatum
2563 4460 2637 4511 M
2645 4457 2744 4511 ὃὸ

444 4543 510 4591 26
547 4537 906 4607 flagitantem
949 4539 1022 4590 Μ
1028 4538 1079 4601 ὃ,
1117 4538 1324 4589 -tatam
1365 4536 1417 4590 G
1561 4536 1889 4591 Notandum
1931 4538 1982 4590 G
2050 4535 2055 4539 ’
