3325 5209
643 409 722 474 18
1345 409 1400 463 O.
1441 409 1754 464 SVETONI
1790 409 2234 474 TRANQVILLI

640 573 785 636 dere
832 573 1309 637 contionantem
1358 595 1550 656 quam
1597 574 1836 656 audire,
1883 594 2001 657 pro
2046 572 2217 638 dicto
2258 574 2522 657 accepit,
2571 573 2741 656 quod
2789 574 2937 636 uisu

640 680 1108 764 suspicabatur3
1164 680 1680 763 promissumque
1735 680 1834 743 ius
1883 678 2219 742 anulorum
2281 700 2426 743 cum
2474 680 2737 743 milibus
2785 701 2936 762 qua-

639 786 963 871 dringenis
1010 787 1181 850 fama
1226 786 1494 850 distulit.

534 890 626 956 34
823 891 993 957 Ordo
1042 898 1107 957 et
1154 915 1405 957 summa
1449 914 1692 978 rerum,
1750 915 1907 975 quas
1956 892 2252 975 deinceps
2301 893 2526 975 gessit,
2575 892 2667 954 sic
2714 913 2780 956 se
2825 892 2935 954 ha-

636 1000 804 1063 bent.
897 999 1204 1064 Picenum
1264 999 1602 1064 Vmbriam
1659 998 1988 1062 Etruriam
2047 998 2387 1081 occupauit
2441 1003 2505 1062 et
2559 997 2759 1061 Lucio
2807 997 2935 1061 Do·
2996 1026 3020 1064 5

578 1122 582 1125 ⁴
636 1106 850 1188 mitio,
908 1109 1021 1190 qui
1079 1129 1193 1191 per
1249 1107 1600 1170 tumultum
1664 1127 1993 1170 successor
2047 1105 2104 1167 ei
2161 1107 2531 1169 nominatus
2580 1102 2932 1168 Corfinium

636 1214 956 1297 praesidio
1013 1214 1296 1297 tenebat,
1354 1215 1420 1276 in
1479 1214 1795 1277 dicionem
1853 1212 2110 1276 redacto
2161 1216 2352 1295 atque
2400 1211 2667 1275 dimisso
2717 1232 2933 1274 secun-

638 1321 788 1384 dum
840 1319 1157 1404 Superum
1204 1343 1378 1385 mare
1426 1320 1842 1383 Brundisium
1889 1318 2183 1401 tetendit,
2232 1341 2359 1401 quo
2409 1317 2703 1381 consules
2749 1316 2936 1381 Pom-

568 1443 598 1488 2
638 1427 947 1510 peiusque
997 1427 1418 1511 confugerant
1471 1449 1661 1510 quam
1719 1426 1998 1510 primum
2058 1425 2546 1489 transfretaturi.
2639 1423 2758 1487 hos
2805 1424 2936 1486 fru-

639 1538 767 1596 stra
822 1556 937 1617 per
996 1535 1204 1597 omnis
1262 1556 1472 1597 moras
1530 1534 1706 1596 exitu
1761 1532 2104 1616 prohibere
2160 1536 2424 1595 conatus
2462 1530 2753 1594 =Romam
2813 1531 2937 1594 iter
2967 1559 3021 1597 ιο

637 1640 958 1703 conuertit
1021 1639 1484 1723 appellatisque
1550 1640 1628 1703 de
1691 1661 1759 1703 re
1829 1638 2087 1723 publica
2151 1638 2441 1722 patribus
2507 1637 2934 1701 ualidissimas

637 1745 906 1828 Pompei
967 1746 1215 1830 copiaS,
1291 1769 1451 1829 quae
1513 1747 1632 1810 sub
1709 1745 1917 1808 tribus
1981 1746 2211 1830 legatis
2276 1745 2359 1807 M.
2416 1743 2670 1807 Petreio
2738 1748 2802 1807 et
2862 1744 2933 1806 L.

639 1850 909 1916 Afranio
959 1857 1022 1916 et
1067 1852 1150 1915 M.
1192 1851 1483 1916 Varrone
1540 1854 1606 1915 in
1654 1851 1970 1936 Hispania
2026 1856 2232 1933 erant,
2288 1852 2553 1933 inuasit,
2608 1851 2934 1934 professus

639 1963 785 2022 ante
833 1959 1001 2022 inter
1047 1982 1224 2023 suos:
1283 1960 1394 2023 ire
1452 1980 1528 2022 se
1586 1958 1674 2022 ad
1721 1959 2141 2022 exercitum
2192 1958 2353 2021 sine
2402 1958 2585 2021 duce
2642 1961 2713 2021 et
2761 1958 2934 2021 inde

636 2086 1123 2130 reuersurum
1171 2066 1256 2130 ad
1307 2066 1565 2130 ducem
1614 2066 1779 2129 sine
1826 2065 2185 2128 exercitu.
2260 2068 2325 2128 et
2365 2086 2726 2147 quanquam
2769 2063 2932 2128 obsi·
2967 2091 3018 2131 15

638 2171 826 2235 dione
882 2172 1231 2255 Massiliae,
1288 2194 1450 2255 quae
1506 2173 1631 2236 sibi
1688 2173 1749 2234 in
1812 2172 2038 2234 itinere
2092 2175 2313 2255 portas
2370 2172 2712 2253 clauserat,
2769 2193 2936 2234 sum-

638 2301 868 2362 maque
924 2279 1379 2343 frumentariae
1435 2280 1527 2341 rei
1574 2278 1843 2361 penuria
1895 2278 2255 2341 retardante
2303 2278 2484 2341 breui
2539 2281 2755 2340 tamen
2802 2299 2933 2340 om-

531 2378 622 2444 35
640 2386 748 2448 nia
796 2386 1066 2468 subegit.
1158 2385 1311 2449 hinc
1358 2384 1514 2448 urbe
1569 2384 1841 2467 repetita
1895 2383 1964 2446 in
2009 2383 2934 2467 Macedoniam‘transgressus

635 2491 1049 2574 Pompeium,
1113 2513 1229 2575 per
1294 2494 1598 2574 quattuor
1663 2512 1864 2573 paene
1929 2513 2177 2553 menses
2244 2491 2541 2554 maximis
2603 2489 2935 2554 obsessum

640 2598 967 2679 operibus,
1015 2598 1088 2660 ad
1140 2602 1494 2661 extremum
1543 2597 1913 2661 Pharsalico
1960 2597 2206 2680 proelio
2254 2597 2421 2660 fudit
2470 2601 2534 2660 et
2580 2596 2932 2681 fugientem
2966 2625 3021 2663 20

640 2701 1094 2767 Alexandriam
1142 2708 1544 2788 persecutus,
1591 2707 1663 2766 ut
1711 2703 1991 2767 occisum
2040 2702 2484 2786 deprehendit,
2532 2725 2677 2767 cum
2724 2702 2933 2767 Ptole-

638 2832 820 2874 maeo
867 2833 1047 2896 rege,
1093 2834 1130 2873 a
1177 2833 1304 2894 quo
1354 2810 1478 2874 sibi
1527 2832 1795 2893 quoque·
1830 2809 2093 2872 insidias
2142 2810 2315 2872 tendi
2364 2809 2640 2892 uidebat,
2691 2808 2932 2873 bellum

640 2938 790 2980 sane
845 2916 1301 2982 difficillimum
1358 2917 1585 3003 gessit,
1644 2938 1854 2999 neque
1909 2917 2050 2980 loco
2106 2938 2313 2998 neque
2368 2921 2656 3000 tempore
2712 2937 2935 2998 aequ0,

637 3024 749 3086 sed
796 3023 1007 3087 hieme
1064 3026 1214 3087 anni
1271 3028 1334 3087 et
1381 3024 1549 3086 intra
1603 3023 1859 3086 moenia
1912 3022 2338 3105 copiosissimi
2388 3044 2459 3086 ac
2507 3022 2934 3086 sollertissimi

638 3131 843 3193 hostis
854 3181 872 3214 ,
927 3132 1112 3213 inops
1169 3132 1306 3215 ipse
1363 3130 1651 3195 omnium
1706 3135 1919 3192 rerum
1977 3133 2168 3211 atque
2225 3130 2569 3213 inparatus.
2662 3150 2931 3214 regnum
2964 3158 3017 3196 τε

638 3235 922 3322 Aegypti
962 3238 1173 3300 uictor
1211 3236 1584 3320 Cleopatrae
1630 3236 1940 3318 fratrique
1981 3237 2116 3298 eius
2156 3235 2391 3299 minori
2434 3235 2730 3318 permisit
2775 3236 2934 3297 ueri-

637 3348 744 3406 tus
790 3343 1189 3426 prouinciam
1238 3345 1471 3426 facere,
1525 3367 1605 3407 ne
1645 3342 2035 3425 'quandoque
2083 3344 2531 3406 uiolentiorem
2578 3342 2932 3425 praesidem

784 3550 849 3599 10
888 3546 1125 3612 Eutrop.
1158 3546 1245 3599 VI
1273 3549 1371 3611 20,
1396 3551 1426 3598 1
1485 3544 1682 3596 urbem
1739 3543 2023 3611 ingressus
2082 3543 2417 3597 dictatorem
2474 3560 2533 3596 se
2584 3543 2735 3596 fecit.
2801 3543 2934 3595 inde

636 3624 942 3693 Hispanias
982 3624 1164 3693 petiit.
1231 3624 1314 3677 ibi
1340 3625 1570 3695 Pompei
1609 3624 1886 3679 exercitus
1924 3623 2303 3677 ualidissimos
2342 3626 2399 3676 et
2434 3623 2768 3678 fortissimos
2808 3640 2934 3675 cum

635 3695 819 3757 tribus
859 3705 1122 3772 ducibm,
1160 3704 1219 3757 L.
1250 3704 1484 3759 Afranio
1522 3705 1596 3759 M.
1627 3704 1849 3758 Petreio
1889 3704 1960 3757 M.
1983 3704 2259 3771 Varrone,
2299 3704 2603 3772 superauit.
2754 3708 2817 3757 18
2855 3701 2932 3755 id.

650 3786 736 3837 VI
757 3789 848 3850 20,
871 3789 903 3837 3
941 3784 1074 3837 inde
1110 3801 1393 3853 regressus
1433 3789 1709 3854 (reuersus
1738 3802 1878 3853 pars
1905 3785 2080 3852 codd.)
2118 3784 2177 3836 in
2217 3784 2508 3837 Graeciam
2545 3782 2795 3849 transiit,
2836 3782 2932 3834 ad-

635 3881 861 3917 uersum
901 3864 1227 3933 Pompeium
1265 3865 1574 3918 dimicauit.
1724 3871 1790 3917 20
1840 3865 1913 3917 id.
1956 3865 2040 3916 VI
2071 3868 2162 3929 21,
2192 3869 2230 3918 2
2275 3864 2569 3932 uictusque
2610 3865 2684 3916 ad
2720 3866 2933 3932 postre-

637 3962 791 3996 mum
828 3944 1127 4014 Pompeius
1160 3988 1169 3998 .
1204 3987 1214 4000 .
1249 3988 1260 4000 .
1291 3945 1522 4014 fugatus
1561 3945 1964 3998 Alexandriam
2001 3945 2171 4012 petiit
2208 3961 2309 4012 eqs.
2459 3950 2525 3997 22
2563 3944 2639 3997 id.
2682 3945 2770 3997 VI
2787 3947 2877 4007 22,
2902 3948 2933 3995 1

636 4025 750 4094 ipsi
788 4041 1009 4092 quoque
1048 4024 1401 4095 Ptolemaeus
1440 4041 1639 4095 parare
1677 4024 1861 4078 uoluit
1897 4024 2134 4078 insidias
2172 4041 2273 4092 eqS.

722 4249 729 4254 -
785 4219 809 4263 1
852 4228 1021 4278 quam
1067 4229 1166 4266 om.
1210 4215 1282 4266 M
1287 4212 1305 4242 ¹
1468 4219 1499 4265 2
1548 4211 1913 4281 quadrigenis
1955 4213 2025 4264 M
2035 4213 2049 4241 ¹
2066 4213 2116 4265 V
2149 4214 2302 4279 (recte
2349 4212 2445 4278 L),
2504 4209 2934 4279 quadringentis

641 4293 765 4357 Ga,
822 4293 1198 4361 quadragenis
1241 4294 1315 4345 M
1317 4292 1529 4348 ²T'PO
1573 4295 1657 4362 (in
1699 4293 1770 4345 M
1804 4299 2088 4360 praeterea
2123 4309 2192 4345 ss.
2233 4309 2300 4344 m.
2329 4295 2368 4344 2
2404 4290 2436 4343 i
2482 4289 2933 4361 quadringentis)

640 4379 669 4425 7
721 4371 953 4430 ditione,
989 4373 1061 4443 Q,
1124 4373 1469 4426 deditionem
1515 4374 1702 4427 G-HR
1754 4374 1945 4442 (vtuly.)
2114 4377 2177 4425 11
2218 4371 2474 4439 patribus
2519 4370 2653 4443 (c.)
2701 4371 2936 4439 Bentley

641 4459 707 4507 16
747 4468 962 4505 summa
1006 4453 1051 4521 Q
1207 4459 1269 4506 17
1310 4454 1630 4506 retardatus
1670 4454 1902 4523 Bentley
2061 4458 2128 4504 20
2168 4454 2225 4504 et
2261 4451 2574 4520 fugientem
2610 4451 2757 4516 YT2,
2796 4449 2937 4504 effu-

634 4533 887 4602 gientem
918 4533 989 4584 M
1001 4532 1136 4586 G-X'
1179 4531 1298 4601 (eff-
1336 4551 1471 4587 corr.
1502 4550 1569 4586 eae
1606 4535 1664 4585 et
1698 4532 1745 4584 f·
1783 4540 1846 4586 ut
1882 4533 1998 4585 uid.
2030 4532 2099 4600 S)
2245 4537 2310 4584 27
2350 4531 2721 4585 ualentiorem
2759 4532 2939 4585 Polak
