3325 5209
1315 386 1516 440 NERO
1556 399 1689 448 [cu.
1719 399 1898 448 40—42]
2626 389 2753 453 261

457 550 741 615 faucium
752 601 769 634 ,
823 555 1088 635 propter
1135 572 1326 634 quem
1382 572 1514 614 non
1570 551 1837 615 adesset.
1920 550 2086 614 nihil
2136 556 2350 631 autem
2399 574 2599 635 aeque
2648 553 2757 616 do-

456 657 598 742 luit,
647 680 839 742 quam
887 662 961 721 ut
1007 657 1250 722 malum
1298 680 1365 721 se
1412 657 1854 722 citharoedum
1910 658 2297 742 increpitum
2343 681 2417 722 ac
2463 681 2582 742 pro
2628 658 2756 740 Ness

455 788 612 829 rone
675 764 1181 829 Ahenobarbum
1245 764 1670 848 appellatum3
1735 770 1800 828 et
1867 787 2106 829 nomen
2170 765 2427 849 quidem
2495 766 2755 851 gentile,

456 873 630 956 quod
689 872 813 936 sibi
873 894 989 955 per
1048 871 1505 936 contumeliam
1566 872 2087 955 exprobraretur,
2149 876 2626 956 resumpturum
2690 895 2756 937 se

402 1005 426 1043 5
455 978 781 1062 professus
830 983 926 1043 est
974 967 1268 1063 deposito
1308 979 1636 1063 adoptin,
1685 984 1896 1043 cetera
1934 981 2242 1063 conuicia,
2288 984 2361 1043 ut
2398 979 2579 1064 falsa,
2624 1003 2757 1044 non

457 1086 583 1149 alio
624 1091 1000 1172 argumento
1040 1085 1392 1171 refellebat,
1441 1108 1634 1170 quam
1674 1086 1845 1170 quod
1884 1088 2079 1150 etiam
2116 1088 2372 1151 inscitia
2410 1087 2535 1151 sibi
2572 1091 2753 1151 tanto

457 1214 648 1276 opere
685 1193 1133 1276 <e>laboratae
1169 1193 1616 1277 perfectaeque
1654 1216 1692 1256 a
1729 1215 1797 1257 se
1836 1195 1992 1257 artis
2037 1194 2415 1277 obiceretur,
2462 1192 2753 1279 singulos
2806 1220 2817 1229 ·

456 1300 725 1363 subinde
771 1302 1081 1385 rogitanS,
1127 1304 1545 1364 nossentne
1595 1322 2045 1384 quemquam
2086 1302 2755 1383 praestantiorem.

457 1407 568 1470 sed
613 1408 992 1491 urgentibus
1040 1408 1181 1470 aliis
1230 1428 1422 1490 super
1468 1407 1628 1470 alios
1686 1408 1934 1470 nuntiis
1980 1405 2257 1471 Romam
2312 1406 2754 1490 praetrepidus

377 1538 427 1576 10
454 1513 677 1597 rediit3
752 1514 1108 1596 leuiterque
1182 1514 1375 1577 modo
1440 1515 1508 1576 in
1582 1515 1810 1577 itinere
1875 1514 2113 1578 friuolo
2190 1515 2475 1598 auspicio
2541 1517 2755 1577 mente

454 1625 766 1704 recreata,
846 1641 991 1684 cum
1062 1619 1429 1684 adnotasset
1506 1619 1901 1703 insculptum
1981 1625 2400 1684 monumento
2480 1620 2753 1684 militem

458 1725 716 1790 Gallum
792 1726 871 1789 ab
947 1727 1162 1810 equite
1236 1726 1311 1790 R.
1378 1748 1754 1810 oppressum
1829 1727 2001 1791 trahi
2075 1728 2386 1809 crinibuS,
2460 1727 2540 1791 ad
2613 1749 2754 1791 eam

457 1835 736 1917 speciem
782 1833 1010 1897 exiluit
1056 1834 1291 1919 gaudio
1350 1833 1725 1916 caelumque
1772 1835 2082 1898 adorauit.
2165 1855 2240 1898 ac
2283 1857 2364 1898 ne
2411 1839 2568 1898 tunc
2618 1836 2755 1918 qui-

457 1939 601 2004 dem
648 1944 761 2003 aut
818 1944 1044 2003 senatu
1091 1945 1203 2003 aut
1257 1940 1500 2022 populo
1549 1962 1777 2004 coram·
1812 1941 2135 2024 appellato
2185 1941 2497 2024 quosdam
2545 1964 2578 2004 e
2626 1943 2754 2025 pri-

375 2070 425 2109 15
456 2047 743 2111 moribus
790 2048 947 2110 uiris
995 2047 1257 2111 domum
1305 2049 1601 2110 euocauit
1657 2051 2106 2131 transactaque
2153 2050 2389 2130 raptim
2437 2048 2754 2111 consulta-

343 2184 354 2193 ·
454 2155 632 2217 tione
676 2154 991 2237 reliquam
1050 2154 1176 2216 diei
1221 2157 1470 2236 partem
1518 2176 1634 2237 per
1692 2174 1933 2239 organa
1968 2154 2439 2237 j<h>ydraulioa
2485 2156 2641 2218 noui
2688 2158 2752 2218 et

454 2262 663 2346 ignoti
708 2262 960 2346 generis
1009 2260 1467 2342 circumduxit,
1523 2261 1991 2343 ostendensque
2048 2261 2326 2347 singula,
2383 2262 2459 2325 de
2505 2263 2754 2325 ratione

454 2389 526 2430 ac
564 2367 947 2432 difficultate
984 2369 1291 2450 cuiusque
1332 2367 1663 2451 disserens,
1704 2369 1850 2431 iam
1889 2390 1964 2431 se
2002 2370 2232 2432 etiam
2271 2369 2752 2452 prolaturum
2851 2376 2854 2378 ’

456 2476 706 2538 omnia
751 2476 828 2537 in
874 2474 1258 2538 theatrum
1316 2474 1692 2557 affirmauit,
1750 2476 1812 2538 si
1858 2498 1990 2558 per
2037 2475 2434 2539 Vindicem
2488 2475 2736 2539 liceat.

375 2605 426 2643 20
630 2580 983 2662 Postquam
1039 2581 1265 2645 deinde
1320 2583 1515 2644 etiam
1572 2580 1842 2645 Galbam
1898 2586 1963 2645 et
2009 2581 2353 2665 Hispanias
2403 2582 2743 2646 desciuisse
2757 2579 2850 2646 42

457 2689 790 2771 cognouit,
851 2687 1189 2772 conlapsus
1250 2690 1591 2771 animoque
1651 2688 1819 2752 male
1879 2689 2050 2753 facto
2114 2689 2223 2752 diu
2284 2690 2419 2752 sine
2474 2710 2632 2752 uoce
2689 2693 2754 2752 et

454 2815 654 2877 prope
711 2795 1172 2858 intermortuus
1220 2796 1446 2878 iacuit,
1496 2799 1697 2877 utque
1743 2797 2022 2880 resipiit,
2077 2800 2256 2859 ueste
2305 2796 2595 2877 discissa,
2656 2818 2752 2859 ca-

452 2902 586 2983 pite
634 2901 1123 2985 conuerberatO,
1178 2906 1428 2965 actum
1484 2903 1570 2965 de
1628 2925 1705 2966 se
1761 2904 2209 2985 pronuntiauit
2265 2902 2752 2986 consolantique

454 3006 812 3072 nutriculae
850 3011 915 3071 et
943 3007 1086 3071 aliis
1128 3030 1381 3091 quoque
1420 3010 1547 3072 iam
1579 3008 1980 3092 principibus
2019 3009 2254 3072 similia
2291 3009 2595 3073 accidisse
2623 3032 2750 3072 me-

374 3135 425 3173 85
454 3115 753 3197 moranti,
799 3137 875 3178 se
922 3137 1102 3178 uero
1151 3111 1457 3197 praeter
1503 3120 1803 3180 ceteros
1842 3116 2195 3180 inaudita
2240 3121 2314 3180 et
2351 3118 2753 3201 incognita

454 3222 617 3303 pati
653 3221 1004 3304 respondit,
1053 3223 1182 3304 qui
1221 3244 1586 3285 summum
1624 3224 2031 3309 imperium
2075 3224 2299 3287 uiuus
2339 3225 2750 3288 amitteret.

452 3349 571 3391 nec
616 3349 691 3391 eo
741 3327 941 3391 setius
990 3330 1335 3411 quicquam
1382 3351 1460 3391 ex
1498 3330 1959 3392 consuetudine
2005 3329 2194 3393 luxus
2233 3334 2426 3412 atque
2473 3330 2749 3394 desidiae
2790 3347 2820 3394 2

456 3435 674 3498 omisit
701 3435 808 3499 uel
844 3436 1177 3519 inminuit3
1215 3438 1372 3518 quin
1400 3437 1619 3518 immo,
1660 3458 1805 3499 cum
1842 3436 2136 3519 prosperi
2167 3437 2470 3519 quiddam
2499 3459 2577 3500 ex
2606 3458 2750 3519 pro-

453 3542 684 3605 uinciis
711 3543 1081 3606 nuntiatum
1111 3547 1296 3626 esset,
1327 3564 1520 3626 super
1547 3543 2164 3606 abundantissimam
2194 3564 2414 3607 cenam
2444 3543 2751 3606 iocularia

598 3756 666 3804 20
708 3751 857 3807 Oros.
899 3752 1025 3805 VII
1055 3757 1106 3819 7,
1136 3757 1206 3806 13
1260 3756 1564 3821 postquam
1615 3752 1857 3807 Galbam
1913 3753 1971 3806 in
2023 3753 2301 3821 Hispania
2356 3753 2750 3821 imperatorem

457 3832 705 3885 creatum
743 3832 814 3885 ab
853 3833 1101 3887 exercitu
1140 3833 1422 3903 cognouit,
1460 3836 1614 3887 totus
1652 3833 1840 3887 animo
1881 3849 1947 3887 ac
1985 3850 2085 3902 spe
2124 3833 2384 3887 concidit.

598 4042 629 4088 2
661 4037 750 4107 ac]
783 4040 839 4091 et
862 4039 913 4091 G
1024 4043 1052 4090 7
1086 4038 1408 4092 elaboratae
1438 4039 1749 4109 Berneyyer
1767 4038 2040 4108 (Bentley)
2142 4037 2390 4110 perfecte
2415 4038 2466 4091 G·
2570 4045 2631 4091 11
2663 4038 2749 4090 in-

451 4115 681 4185 sculptfi
718 4117 778 4170 in
812 4117 865 4172 G
974 4124 1038 4171 13
1080 4117 1301 4172 exiliuit
1327 4119 1504 4187 GQR,
1542 4118 1659 4171 -liit
1688 4118 1754 4173 δ”
1863 4119 1953 4188 ac]
1994 4118 2055 4171 at
2083 4118 2136 4171 L
2251 4124 2316 4171 15
2356 4119 2651 4173 eouocauit
2681 4121 2757 4172 M

457 4201 523 4250 16
560 4196 782 4266 reliqua
818 4198 935 4252 diei
970 4201 1132 4267 parte
1170 4215 1264 4253 eos
1296 4200 1529 4255 Gasaub.
1679 4204 1743 4252 17
1784 4198 1939 4270 (ac)
1970 4198 2040 4251 de
2076 4198 2166 4252 uel
2202 4198 2472 4272 de<que)
2503 4200 2749 4270 Bentley,

452 4277 551 4332 hoc
577 4279 741 4332 etiam
775 4277 911 4333 Oua.
1026 4284 1093 4332 18
1124 4279 1193 4331 de
1220 4278 1492 4332 facultate
1524 4280 1864 4335 Cornelissen
1973 4283 2040 4331 20
2070 4278 2315 4332 descisse
2335 4279 2403 4331 N
2505 4285 2567 4331 21
2599 4279 2746 4333 male

453 4357 635 4413 fracto
651 4362 709 4411 X
721 4360 932 4430 (παῖς),
950 4375 1051 4414 om.
1075 4361 1218 4429 (cum
1229 4360 1479 4427 praeced.
1491 4362 1620 4428 que)
1631 4361 1710 4426 N,
1727 4358 2012 4413 labefacto
2025 4376 2057 4418 ς
2077 4359 2388 4427 (Heinsius)
2482 4364 2546 4411 22
2577 4358 2748 4412 inter-

452 4442 700 4493 mortuos
725 4441 812 4504 M,
830 4439 1012 4493 instar
1027 4442 1280 4493 mortuus
1302 4442 1354 4494 L
1471 4439 1692 4507 resipiit
1714 4440 1957 4505 MPOT,
1977 4440 2127 4508 -puit
2145 4439 2236 4492 rel.
2259 4444 2310 4492 et
2329 4439 2393 4491 N
2501 4437 2749 4489 discussa

455 4520 688 4589 MHQe,
718 4519 966 4573 descissa
993 4521 1045 4573 L
1193 4524 1261 4574 28
1298 4536 1561 4589 prospere
1591 4521 1741 4574 XNe
1885 4519 2116 4588 quidam
2150 4521 2224 4572 M
2365 4523 2430 4571 29
2469 4517 2666 4569 fuisset
2700 4520 2747 4569 (γ’
