3325 5209
615 421 749 486 304
1319 421 1375 476 C.
1415 421 1732 476 SVETONI
1767 421 2211 487 TRANQVILLI

617 590 842 650 torem·
880 583 1100 649 hostes
1156 586 1699 669 appropinquare.
1789 587 2094 650 continuo
2156 586 2361 672 igitur
2419 586 2757 652 abstrusus
2812 611 2916 674 ge-

618 692 888 757 statoria
942 691 1098 755 sella
1146 691 1395 756 duobus
1443 691 1598 756 solis
1646 692 2011 776 comitibuS,
2066 692 2312 776 pistore
2359 698 2422 757 et
2473 715 2644 779 coc0,
2701 694 2915 758 Auen-

616 797 824 862 tinum
873 802 937 861 et
983 802 1316 881 paternam
1363 798 1624 862 domum
1663 781 1831 863 clam
1866 800 2050 883 petit,
2096 803 2171 862 ut
2207 800 2354 864 inde
2391 800 2459 864 in
2499 798 2915 884 Campaniam

614 904 897 989 fugeret3
945 926 1098 970 mox
1141 904 1272 969 leui
1319 925 1575 969 rumore
1621 908 1689 970 et
1726 906 1990 989 incerto,
2037 909 2369 990 tamquam
2406 929 2534 990 pax
2573 906 2916 989 impetrata

616 1015 800 1095 esset,
860 1011 1090 1076 referri
1151 1034 1219 1075 se
1278 1012 1347 1076 in
1405 1010 1729 1076 Palatium
1787 1033 2013 1096 passus
2074 1018 2188 1077 est.
2279 1012 2394 1077 ubi
2455 1034 2602 1077 cum
2664 1012 2915 1077 deserta
2971 1040 2996 1080 5

615 1119 833 1184 omnia
869 1119 1276 1203 repperisset,
1315 1118 1748 1183 dilabentibus
1786 1124 1853 1183 et
1889 1120 2002 1203 qui
2037 1120 2232 1184 simul
2268 1123 2466 1204 erant,
2504 1141 2665 1184 zona
2703 1141 2771 1184 se
2808 1143 2915 1184 au·

615 1247 874 1289 reorum
931 1226 1122 1310 plena
1176 1224 1596 1290 circumdedit
1655 1225 2077 1310 confugitque
2134 1227 2203 1290 in
2258 1228 2555 1293 cellulam
2602 1226 2914 1311 ianitoris,

616 1332 892 1417 religato
940 1355 1059 1416 pro
1106 1332 1355 1396 foribus
1387 1346 1557 1396 'cane
1601 1331 1900 1415 lectoque
1947 1336 2013 1396 et
2059 1332 2293 1398 culcita
2340 1332 2627 1398 obiectis,

513 1435 624 1501 17.
796 1438 1175 1523 Irruperant
1239 1438 1367 1503 iam
1435 1438 1714 1523 agminis
1779 1443 2210 1505 antecessores
2274 1462 2346 1503 ac
2388 1440 2657 1505 ‘nemine
2718 1440 2912 1504 obuio

616 1546 1033 1629 rimabantur,
1090 1550 1164 1609 ut
1218 1547 1312 1630 fit,
1368 1545 1638 1631 singula.
1733 1547 1812 1610 ab
1867 1546 1970 1611 his
2017 1550 2340 1611 extractus
2386 1569 2420 1610 e
2465 1546 2738 1630 latebra,
2795 1548 2911 1610 soi·-
2943 1574 2995 1613 ιο

616 1653 940 1735 scitanteS,
999 1653 1144 1736 quis
1200 1655 1369 1717 esset
1414 1690 1503 1699 —
1546 1676 1699 1717 nam
1754 1654 2174 1739 ignorabatur
2216 1691 2305 1700 —
2352 1657 2417 1717 et
2463 1653 2576 1719 ubi
2621 1675 2757 1718 esse
2804 1652 2913 1717 Vi·

616 1757 867 1822 tellium
918 1758 1126 1842 sciret,
1173 1759 1503 1824 mendacio
1542 1759 1767 1843 elusit;
1815 1759 2038 1825 deinde
2076 1761 2332 1845 agnitus
2380 1781 2607 1845 rogare
2641 1782 2774 1824 non
2811 1759 2912 1823 de·

599 1865 805 1949 stitit,
853 1866 1037 1948 quasi
1086 1866 1393 1949 quaedam
1446 1866 1522 1930 de
1568 1866 1777 1930 salute
1812 1865 2192 1950 Vespasiani
2241 1868 2548 1950 dicturus,
2593 1872 2668 1930 ut
2705 1871 2912 1931 custo-

614 1973 858 2037 diretur
894 1973 1152 2036 interim
1192 1971 1296 2036 uel
1334 1972 1402 2036 in
1440 1993 1707 2056 carcere,
1745 1972 1947 2037 donec
1982 1972 2272 2056 religatis
2308 1977 2459 2057 post
2495 1977 2679 2058 terga
2714 1973 2912 2038 mani-

616 2079 758 2163 bus,
816 2079 1052 2143 iniecto
1115 2079 1472 2143 ceruicibus
1533 2080 1781 2163 laqueo,
1849 2084 2028 2144 ueste
2089 2079 2356 2144 discissa
2415 2080 2784 2144 seminudus
2844 2080 2913 2144 in
2942 2104 2993 2146 ιε

616 2186 831 2250 forum
887 2189 1133 2249 tractus
1194 2189 1290 2249 est
1343 2185 1512 2250 inter
1566 2208 1802 2272 magna
1855 2208 2067 2251 rerum
2114 2186 2588 2270 uerborumque
2634 2186 2913 2251 ludibria

615 2315 730 2377 per
775 2295 988 2357 totum
1035 2292 1180 2356 uiae
1226 2315 1439 2357 sacrae
1469 2294 1765 2376 spatium,
1811 2292 2076 2357 reducto
2105 2314 2288 2358 coma
2316 2293 2542 2377 capite,
2590 2314 2704 2357 ceu
2729 2293 2913 2358 noxii

616 2400 846 2484 solent,
893 2404 1086 2483 atque
1133 2398 1324 2463 etiam
1373 2402 1592 2463 mento
1640 2421 1946 2464 mucrone
1993 2399 2192 2484 gladii
2229 2399 2548 2482 subrect0,
2593 2404 2667 2463 ut
2703 2399 2910 2464 uisen-

541 2521 572 2568 2
618 2507 763 2571 dam
818 2505 1150 2589 praeberet
1202 2506 1430 2569 faciem
1477 2528 1640 2570 neue
1690 2506 2151 2590 summitteret3
2204 2505 2585 2589 quibusdam
2632 2510 2911 2570 stercore

613 2697 801 2752 culum
837 2697 1011 2768 uulgi.
1091 2714 1156 2751 ac
1183 2714 1254 2751 ne
1290 2698 1457 2752 homo
1486 2700 1786 2768 impudens
1816 2698 1876 2751 in
1905 2699 2167 2752 extremis
2205 2697 2407 2753 saltem
2433 2698 2726 2766 malorum,
2764 2716 2908 2766 quae

613 2779 887 2847 gesserat,
929 2777 1133 2830 rubore
1169 2777 1376 2832 faciem
1414 2780 1764 2846 demitteret,
1811 2779 2063 2833 subiecto
2099 2779 2161 2831 in
2196 2779 2449 2832 mentum
2485 2778 2705 2848 gladio,
2744 2779 2909 2832 semi-

611 2855 822 2922 nudus,
868 2856 1062 2909 multis
1101 2873 1274 2912 caeno
1312 2859 1553 2928 fimoque
1591 2862 1650 2912 et
1697 2858 1897 2913 ceteris
1942 2857 2290 2928 turpioribus
2329 2858 2486 2912 dictu
2521 2860 2908 2929 purgamentis

542 2960 550 2967 ·
609 2936 833 2990 uultum
871 2938 990 2990 eius
1027 2938 1460 3004 incessentibus‚
1500 2956 1602 3008 per
1638 2939 1820 2992 scalas
1859 2937 2155 2992 Gemonias
2194 2938 2438 2991 trahitur
2467 2982 2477 2991 .
2513 2984 2521 2993 .
2556 2981 2566 2992 .
2598 2941 2907 2993 numerosis

530 3054 538 3059 -
609 3015 814 3070 ictibus
855 3017 1140 3071 confossus
1178 3017 1408 3071 interiit.
1483 3020 1718 3087 Eutrop.
1762 3020 1885 3073 VII
1906 3023 1990 3084 18,
2020 3023 2053 3072 5
2090 3018 2420 3072 interfectus
2452 3061 2461 3071 .
2496 3061 2506 3071 .
2541 3062 2550 3071 .
2582 3021 2668 3073 est
2702 3036 2907 3089 magno

611 3098 905 3154 dedecore:
944 3101 1157 3154 tractus
1184 3116 1286 3169 per
1312 3100 1509 3153 urbem
1537 3099 1772 3151 Romam
1800 3096 2045 3167 publice,
2083 3098 2284 3164 nudus,
2323 3101 2506 3152 erecto
2538 3116 2694 3152 coma
2724 3100 2907 3167 capite

611 3181 669 3231 et
707 3178 958 3234 subiecto
997 3180 1071 3232 ad
1108 3183 1361 3233 mentum
1397 3178 1616 3249 gladio,
1654 3181 1897 3232 stercore
1934 3177 1995 3231 in
2030 3177 2254 3230 uultum
2293 3181 2349 3230 et
2385 3181 2582 3246 pectus
2621 3179 2691 3232 ab
2731 3179 2907 3232 omni-

609 3258 713 3312 bus
752 3258 934 3323 obuiis
974 3261 1286 3329 adpetitus,
1324 3261 1606 3328 postremo
1643 3257 1933 3326 iugulatus
1972 3260 2030 3311 et
2065 3258 2126 3310 in
2163 3257 2410 3311 Tiberim
2448 3258 2697 3312 deiectus
2735 3258 2908 3312 etiam

611 3339 892 3392 communi
930 3340 1112 3392 caruit
1150 3338 1453 3408 sepultura.
1535 3339 1684 3392 Oros.
1726 3338 1851 3391 VII
1870 3341 1924 3402 8,
1952 3342 1989 3390 8
2025 3339 2112 3406 (ex
2148 3337 2291 3391 Suet.
2322 3345 2372 3391 et
2400 3340 2696 3408 Eutropio)
2736 3339 2907 3392 desti·

609 3420 765 3472 tutus
805 3418 1499 3488 adpropinquantibusque
1536 3417 1651 3470 iam
1678 3416 1935 3470 hostibus
1972 3416 2226 3485 trepidus
2266 3434 2393 3470 cum
2430 3434 2489 3470 se
2525 3418 2587 3471 in
2624 3419 2908 3486 quandam

609 3500 920 3568 proximam
948 3497 1166 3552 Palatio
1205 3498 1466 3552 cellulam
1495 3497 1875 3562 contrusisset,
1912 3496 2236 3565 turpissime
2264 3496 2397 3550 inde
2424 3500 2739 3567 protractus
2778 3517 2907 3553 cum

608 3596 709 3648 per
744 3578 898 3631 uiam
928 3578 1152 3632 Sacram
1189 3579 1370 3632 nudus
1410 3579 1723 3645 duceretur,
1760 3576 1974 3646 passim
2005 3576 2198 3629 fimum
2234 3577 2293 3629 in
2333 3594 2392 3630 os
2432 3578 2550 3632 eius
2589 3579 2907 3633 coniectan-

608 3658 762 3713 tibus
813 3660 875 3712 in
913 3659 1096 3713 forum
1148 3660 1448 3725 deductus,
1490 3701 1500 3712 .
1533 3700 1545 3712 .
1579 3701 1591 3713 .
1621 3657 1772 3726 apud
1825 3656 2121 3712 Gemonias
2174 3656 2351 3711 scalas
2403 3657 2906 3713 minutissimorum

608 3740 826 3794 ictuum
862 3739 1069 3793 crebris
1109 3738 1611 3809 conpunctionibus
1658 3736 2080 3792 excarnificatus
2127 3739 2299 3806 atque
2340 3737 2472 3791 inde
2509 3755 2651 3792 unco
2689 3741 2904 3793 tractus

609 3822 666 3875 et
702 3820 763 3873 in
799 3819 1048 3873 Tiberim
1085 3835 1297 3874 mersus
1336 3820 1509 3873 etiam
1547 3817 1828 3873 communi
1867 3818 2047 3872 caruit
2084 3817 2389 3886 sepultura.
2469 3876 2473 3880 ,

754 4007 781 4052 1
840 3997 1061 4052 hostem
1104 3998 1216 4068 HQ
1269 3998 1462 4069 (uuly.)
1681 4002 1712 4048 3
1766 3996 1937 4065 petiit
1984 3999 2029 4048 Y
2237 3997 2302 4048 ut
2356 3995 2511 4067 inde]
2566 3996 2716 4050 unde
2773 3997 2909 4067 H¹Q

609 4088 642 4135 4
680 4079 880 4133 incerti
919 4079 1015 4145 M,
1059 4079 1272 4132 incerte
1309 4076 1390 4132 L²
1607 4082 1637 4128 6
1677 4076 2081 4131 simulauerant
2111 4077 2187 4141 G,
2241 4075 2409 4128 simul
2453 4076 2636 4131 ierant
2673 4078 2907 4148 Bentley

610 4166 642 4213 9
684 4162 873 4214 autem
919 4165 1046 4213 ante
1082 4158 1197 4211 iam
1234 4159 1362 4211 add.
1394 4161 1455 4210 Π
1487 4159 1640 4225 (pars
1676 4158 1836 4226 edd.),
1886 4162 1994 4211 tres
2028 4157 2141 4223 fere
2180 4157 2282 4210 litt.
2312 4155 2502 4225 (iam.?)
2541 4174 2727 4211 erasae
2762 4158 2825 4211 in
2853 4158 2911 4210 P

610 4246 675 4294 11
716 4238 880 4293 ecubi
917 4240 1066 4293 esset
1103 4239 1271 4307 (esset
1308 4237 1396 4307 T1)
1432 4236 1699 4290 Vitellius
1728 4238 1986 4306 Bentley,
2043 4238 2102 4291 et
2136 4236 2237 4289 ubi
2274 4237 2421 4290 esset
2457 4235 2722 4290 Vitellius
2768 4254 2905 4290 num

610 4320 846 4390 Madviy
1019 4326 1084 4373 12
1123 4317 1608 4372 mendacio*lusit
1646 4319 1700 4386 (o
1738 4320 1800 4371 in
1835 4318 1968 4386 ras.)
2000 4319 2073 4371 M
2243 4322 2306 4369 17
2348 4332 2536 4370 sacrae
2574 4333 2677 4371 om.
2710 4317 2761 4372 G-

605 4399 834 4452 redaoto
874 4401 1031 4469 (corr.
1070 4415 1137 4452 ex
1173 4398 1425 4467 reducto)
1464 4399 1534 4466 L,
1583 4398 1820 4452 reducta
1859 4398 1982 4462 YN,
2041 4399 2225 4451 erecto
2264 4398 2500 4466 Eutrop.
2718 4397 2904 4465 capite

608 4495 766 4531 coma
795 4478 859 4545 S,
916 4494 1074 4532 coma
1110 4496 1143 4532 a
1182 4479 1366 4547 capite
1386 4481 1454 4545 Y,
1510 4496 1543 4531 a
1582 4478 1767 4547 capite
1805 4494 1963 4531 coma
1999 4478 2068 4532 N
2273 4477 2455 4530 noxiis
2493 4476 2636 4531 solet
2666 4477 2901 4533 Oasaub.

558 4583 564 4590 ·
610 4563 675 4612 18
716 4556 967 4612 subiecto
996 4560 1063 4613 N
1093 4566 1145 4614 et
1180 4577 1214 4618 ς
1241 4560 1493 4626 plurimi,
1531 4559 1602 4625 cf.
1631 4559 1821 4613 testim.
