3325 5209
1222 381 1563 436 VITELLIV
1565 381 1601 434 S
1639 393 1771 442 [oar.
1803 393 1951 442 7—11]
2602 381 2733 445 299

435 546 691 610 sissime
748 545 1279 629 circumdederat,
1336 545 1404 608 in
1449 545 1877 629 profluentem
1925 542 2193 629 excidit3
2247 566 2401 608 mox
2445 542 2735 609 Viennae

434 675 554 737 pro
583 651 896 716 tribunali
925 653 1067 716 iura
1094 651 1384 716 reddenti
1418 651 1811 739 gallinaceus
1848 673 2041 734 supra
2077 673 2367 714 umerum
2406 671 2480 714 ac
2509 650 2736 715 deinde

435 759 502 823 in
533 759 742 843 capite
772 759 998 824 astitit.
1065 759 1301 842 quibus
1333 758 1604 823 ostentis
1632 780 1752 843 par
1779 757 2111 842 respondit
2138 757 2372 842 exitus;
2408 779 2558 820 nam
2589 779 2735 821 con·

433 866 762 930 firmatum
801 888 915 950 per
949 864 1200 951 legatos
1238 887 1389 931 suos
1428 864 1771 949 imperium
1806 886 1921 950 per
1948 886 2016 928 se
2044 864 2317 928 retinere
2343 885 2473 928 non
2503 865 2734 948 potuit.

381 998 405 1037 5
611 972 709 1037 De
755 972 1149 1038 Betriacensi
1203 972 1478 1037 uictoria
1534 976 1598 1036 et
1644 970 1920 1036 Othonis
1968 971 2161 1054 exitu,
2218 992 2362 1034 cum
2407 970 2617 1034 adhuc
2662 970 2732 1034 in
2751 969 2843 1037 10

436 1077 642 1142 Gallia
709 1083 892 1162 esset,
959 1079 1164 1143 audiit
1225 1078 1524 1162 nihilque
1593 1081 1962 1162 cunctatuS,
2024 1076 2330 1161 quicquid
2392 1077 2736 1162 praetoria-

434 1209 659 1249 narum
724 1185 1083 1251 cohortium
1135 1186 1287 1268 fuit,
1344 1190 1419 1250 ut
1463 1185 1729 1270 pessimi
1775 1184 2070 1268 exempli,
2115 1206 2245 1248 uno
2293 1184 2736 1249 exauctorauit

435 1293 645 1358 edicto
712 1294 918 1357 iussas
989 1292 1270 1357 tribunis
1331 1293 1581 1357 tradere
1641 1313 1833 1356 arma.
1939 1294 2195 1356 centum
2257 1294 2474 1354 autem
2539 1293 2736 1373 atque

433 1399 687 1486 uiginti,
735 1421 1009 1483 quorum
1055 1399 1310 1464 libellos
1361 1398 1603 1463 Othoni
1651 1398 1841 1462 datos
1879 1398 2215 1462 inuenerat
2250 1398 2736 1482 exposcentium

354 1530 406 1570 10
435 1506 790 1590 praemium
857 1506 939 1571 ob
997 1507 1234 1570 editam
1292 1506 1360 1569 in
1415 1506 1603 1569 caede
1662 1503 1900 1569 Galbae
1957 1527 2244 1590 operam,
2320 1503 2616 1587 conquiri
2671 1507 2736 1567 et

435 1613 752 1698 supplicio
816 1613 1002 1676 adfici
1064 1611 1433 1697 imperauit,
1500 1611 1758 1698 egregie
1822 1633 2084 1695 prorsus
2145 1616 2336 1695 atque
2398 1610 2736 1696 magnifice

436 1725 500 1783 et
547 1723 621 1782 ut
671 1720 907 1782 summi
953 1718 1266 1803 principis
1315 1739 1492 1802 spem
1543 1718 1926 1802 ostenderet,
1972 1718 2098 1782 nisi
2146 1721 2355 1782 cetera
2406 1717 2609 1802 magis
2656 1738 2734 1781 ex

434 1830 668 1889 natura
713 1830 777 1890 et
824 1826 1039 1910 priore
1076 1824 1214 1889 uita
1251 1846 1367 1888 sua
1405 1846 1596 1907 quam
1637 1845 1717 1887 ex
1756 1823 2011 1908 imperii
2047 1824 2378 1888 maiestate
2415 1823 2733 1909 gessisset.

434 1953 713 2014 namque
760 1932 990 1995 itinere
1037 1931 1341 1996 incohato
1387 1953 1502 2015 per
1547 1931 1789 1994 medias
1838 1930 2131 1995 ciuitates
2167 1930 2300 1994 ritu
2337 1929 2737 2015 triumphan-

357 2060 407 2101 ιε
435 2037 600 2101 tium
656 2041 881 2102 uectus
929 2044 1026 2103 est
1071 2060 1312 2123 perque
1359 2038 1627 2102 flumina
1676 2037 2149 2102 delicatissimis
2194 2037 2472 2123 nauigiis
2520 2042 2585 2101 et
2628 2059 2736 2100 ua-

435 2144 672 2208 riarum
735 2166 1118 2210 coronarum
1178 2166 1411 2232 genere
1472 2144 1806 2229 redimitis,
1869 2144 2038 2208 inter
2095 2143 2577 2228 profusissimos
2627 2141 2735 2205 ob-

436 2252 764 2315 soniorum
812 2256 1157 2336 apparatus
1167 2302 1185 2335 ,
1242 2252 1420 2315 nulla
1470 2252 1750 2316 familiae
1797 2255 1907 2315 aut
1955 2250 2182 2314 militis
2229 2250 2585 2333 disciplina,
2638 2271 2735 2312 ra-

434 2357 621 2442 pinas
669 2381 744 2423 ae
783 2358 1208 2441 petulantiam
1249 2359 1539 2423 omnium
1580 2358 1647 2421 in
1687 2360 1899 2423 iocum
1939 2361 2229 2443 uertens,
2275 2357 2387 2440 qui
2422 2378 2551 2420 non
2593 2377 2737 2420 con-

436 2465 599 2528 tenti
647 2467 838 2549 epulo
886 2465 1129 2549 ubique
1175 2465 1436 2549 publice
1481 2464 1798 2549 praebito,
1847 2483 2285 2547 quoscumque
2331 2462 2625 2527 libuisset
2668 2462 2738 2526 in

356 2594 408 2633 20
437 2570 800 2635 libertatem
849 2571 1237 2652 asserebant,
1295 2571 1565 2637 uerbera
1611 2574 1677 2635 et
1723 2572 1967 2657 plagas,
2014 2592 2203 2655 saepe
2249 2571 2537 2653 uulnera,
2583 2591 2736 2633 non-

434 2698 787 2761 numquam
845 2700 1063 2743 necem
1119 2682 1669 2762 repraesentantes
1725 2676 2235 2742 aduersantibus.
2324 2681 2526 2760 utque
2573 2698 2738 2741 cam-

2775 2694 2806 2741 3

433 2805 569 2868 POS,
617 2784 682 2847 in
723 2786 956 2868 quibus
993 2789 1352 2869 pugnatum
1390 2790 1504 2868 est,
1554 2784 1708 2869 adit,
1760 2784 2165 2849 abhorrentis
2205 2784 2517 2867 quosdam
2553 2784 2736 2848 cada-
2778 2845 2787 2851 .

435 2911 659 2954 uerum
717 2891 931 2956 tabem
979 2890 1346 2956 detestabili
1392 2913 1555 2956 uoce
1604 2891 1985 2956 confirmare
2031 2912 2222 2954 ausus
2270 2895 2386 2973 est,
2446 2891 2736 2975 optime

437 2995 644 3060 olere
681 2999 1016 3062 occisum
1054 2997 1353 3063 hostem
1393 3002 1467 3062 et
1502 2997 1779 3062 melius
1819 2998 2076 3062 ciuem.
2151 3018 2268 3061 nec
2304 3019 2381 3062 eo
2420 2997 2618 3060 setius
2655 2996 2738 3060 ad

356 3127 407 3167 25
436 3101 795 3167 leniendam
840 3106 1230 3190 grauitatem
1280 3105 1494 3169 odoris
1541 3104 1895 3189 plurimum
1940 3104 2101 3167 meri
2147 3103 2484 3189 propalam
2519 3103 2736 3169 hausit

435 3210 804 3295 passimque
874 3212 1114 3276 diuisit.
1219 3212 1358 3295 pari
1435 3211 1724 3276 uanitate
1795 3216 1988 3295 atque
2053 3211 2400 3276 insolentia
2456 3210 2735 3295 lapidem

437 3317 778 3382 memoriae
817 3315 1095 3384 Othonis
1134 3318 1517 3402 inscriptum
1557 3319 1813 3383 intuens
1860 3317 2172 3403 dignum
2219 3340 2304 3382 eo
2343 3316 2734 3382 Mausoleo

437 3423 545 3504 ait,
601 3425 1095 3509 pugionemque,
1152 3445 1281 3509 quo
1329 3425 1385 3488 is
1433 3446 1499 3489 se
1546 3424 1886 3508 occiderat,
1934 3425 2002 3489 in
2048 3423 2588 3510 Agrippinensem
2635 3444 2735 3487 co-

436 3525 675 3593 loniam
727 3531 902 3596 misit
947 3531 1145 3596 Marti
1193 3532 1631 3596 dedicandum.
1725 3532 1792 3595 in
1839 3530 2211 3616 Appennini
2260 3531 2515 3614 quidem
2565 3530 2736 3616 iugis

357 3658 411 3699 ⁸⁰
438 3637 630 3702 etiam
676 3639 1091 3724 peruigilium
1138 3639 1287 3725 egit.
1381 3638 1608 3702 urbem
1656 3637 1929 3721 denique
1976 3638 2057 3701 ad
2103 3636 2439 3701 classicum
2484 3636 2735 3701 introiit
2752 3634 2836 3700 ll

437 3742 781 3825 paludatus
821 3745 1118 3829 ferroque
1155 3745 1540 3827 succinctUS,
1586 3745 1758 3808 inter
1808 3744 1994 3830 signa
2040 3749 2232 3827 atque
2259 3744 2514 3827 uexilla,
2552 3765 2735 3830 sagu-

462 3849 587 3912 atis
636 3852 982 3916 comitibus
1029 3874 1103 3916 ac
1151 3851 1419 3916 detectis
1468 3850 1986 3915 commilitonum
2033 3851 2243 3914 armis.

616 3956 826 4042 Magis
896 3958 1120 4023 deinde
1190 3980 1262 4023 ac
1335 3958 1543 4045 magis
1605 3958 1784 4021 omni
1847 3957 2068 4022 diuino
2127 3957 2538 4041 humanoque
2597 3959 2734 4022 iure

583 4120 613 4166 2
652 4132 821 4183 super
845 4115 949 4170 GS
1125 4120 1156 4168 5
1193 4115 1475 4171 bethriac-
1519 4116 1586 4182 G,
1623 4114 1878 4169 bebriac·
1908 4117 2021 4171 HR
2195 4120 2227 4168 8
2264 4115 2417 4168 iusas
2459 4117 2544 4176 M,
2583 4115 2736 4168 iussa

438 4193 554 4248 PH
562 4192 641 4249 ’Β
804 4194 1059 4261 tribunas
1090 4197 1212 4263 Md,
1249 4212 1346 4249 -no
1383 4197 1432 4250 T
1581 4200 1648 4248 10
1683 4195 1936 4264 praemia
1969 4196 2120 4266 uuly.
2160 4195 2298 4264 (edd.
2334 4196 2560 4250 Mediol.
2590 4198 2736 4249 1475

439 4274 657 4328 Bonan.
688 4277 859 4344 1488)
1070 4281 1130 4329 11
1172 4275 1370 4346 aegiae
1402 4277 1497 4342 M,
1542 4276 1672 4329 inde
1717 4275 1870 4345 regie
1908 4277 2169 4331 Pithoeus
2319 4318 2324 4325 .
2386 4281 2451 4329 15
2487 4274 2645 4328 uario
2675 4275 2743 4329 N

438 4355 739 4425 (Bentley),
784 4356 911 4422 fort.
941 4361 1076 4409 recte
1256 4360 1322 4408 21
1359 4357 1841 4424 repraesentantes
1879 4372 1980 4410 om.
2016 4356 2068 4410 G
2258 4360 2325 4408 22
2365 4355 2486 4408 adit
2517 4353 2735 4421 ML²P‚

436 4433 584 4487 adiit
609 4436 702 4489 rel.
734 4442 785 4490 et
811 4436 876 4489 N
1051 4439 1120 4488 24
1158 4435 1237 4506 et]
1277 4437 1337 4488 at
1366 4435 1609 4501 Ernesti,
1640 4436 1728 4507 set
1760 4436 1826 4490 G.
1856 4437 2064 4491 Becker
2235 4440 2303 4489 80
2342 4434 2610 4490 clasicum
2650 4437 2734 4501 M,

438 4515 745 4569 scasiscum
787 4516 840 4572 G

2773 3974 2804 4021 2
