<?xml version="1.0" encoding="UTF-8"?>
<!DOCTYPE html PUBLIC "-//W3C//DTD XHTML 1.0 Transitional//EN"
    "http://www.w3.org/TR/xhtml1/DTD/xhtml1-transitional.dtd">
<html xmlns="http://www.w3.org/1999/xhtml" xml:lang="en" lang="en">
 <head>
  <title>
</title>
<meta http-equiv="Content-Type" content="text/html;charset=utf-8" />
  <meta name='ocr-system' content='tesseract 3.04.00' />
  <meta name='ocr-capabilities' content='ocr_page ocr_carea ocr_par ocr_line ocrx_word'/>
</head>
<body>
  <div class='ocr_page' id='page_1' title='image "./csvetonitranqui00unkngoog_0136.png"; bbox 0 0 3325 5209; ppageno 0'>
   <div class='ocr_carea' id='block_1_1' title="bbox 623 456 2221 523">
    <p class='ocr_par' dir='ltr' id='par_1_1' title="bbox 623 456 2221 523">
     <span class='ocr_line' id='line_1_1' title="bbox 623 456 2221 523; baseline 0.001 -12"><span class='ocrx_word' id='word_1_1' title='bbox 623 458 710 521; x_wconf 83' lang='grc'><strong>62</strong></span> <span class='ocrx_word' id='word_1_2' title='bbox 1323 457 1379 511; x_wconf 89' lang='lat' dir='ltr'><strong>C.</strong></span> <span class='ocrx_word' id='word_1_3' title='bbox 1421 456 1738 511; x_wconf 83' lang='lat' dir='ltr'>SVETONI</span> <span class='ocrx_word' id='word_1_4' title='bbox 1776 458 2221 523; x_wconf 83' lang='lat' dir='ltr'><strong>TRANQVILLI</strong></span> 
     </span>
    </p>
   </div>
   <div class='ocr_carea' id='block_1_2' title="bbox 515 620 3005 2945">
    <p class='ocr_par' dir='ltr' id='par_1_2' title="bbox 622 620 3005 1238">
     <span class='ocr_line' id='line_1_2' title="bbox 624 620 2926 708; baseline 0 -22"><span class='ocrx_word' id='word_1_5' title='bbox 624 620 704 686; x_wconf 90' lang='lat' dir='ltr'><strong>ad</strong></span> <span class='ocrx_word' id='word_1_6' title='bbox 751 622 1101 685; x_wconf 80' lang='lat' dir='ltr'><strong>amicitiam</strong></span> <span class='ocrx_word' id='word_1_7' title='bbox 1150 642 1335 684; x_wconf 79' lang='lat' dir='ltr'><strong>suam</strong></span> <span class='ocrx_word' id='word_1_8' title='bbox 1374 620 1727 704; x_wconf 81' lang='lat' dir='ltr'><strong>populique</strong></span> <span class='ocrx_word' id='word_1_9' title='bbox 1764 621 1952 685; x_wconf 88' lang='lat' dir='ltr'><strong>Rom.</strong></span> <span class='ocrx_word' id='word_1_10' title='bbox 2027 621 2200 685; x_wconf 92' lang='lat' dir='ltr'><strong>ultro</strong></span> <span class='ocrx_word' id='word_1_11' title='bbox 2248 643 2363 706; x_wconf 93' lang='lat' dir='ltr'><strong>per</strong></span> <span class='ocrx_word' id='word_1_12' title='bbox 2407 622 2658 708; x_wconf 86' lang='lat' dir='ltr'><strong>legatos</strong></span> <span class='ocrx_word' id='word_1_13' title='bbox 2705 626 2926 705; x_wconf 89' lang='lat' dir='ltr'><strong>peten-</strong></span> 
     </span>
     <span class='ocr_line' id='line_1_3' title="bbox 623 726 2924 810; baseline 0.001 -21"><span class='ocrx_word' id='word_1_14' title='bbox 623 726 786 792; x_wconf 86' lang='lat' dir='ltr'><strong>dam.</strong></span> <span class='ocrx_word' id='word_1_15' title='bbox 876 727 1101 791; x_wconf 79' lang='lat' dir='ltr'><strong>Parthi</strong></span> <span class='ocrx_word' id='word_1_16' title='bbox 1150 749 1404 810; x_wconf 91' lang='lat' dir='ltr'><strong>quoque</strong></span> <span class='ocrx_word' id='word_1_17' title='bbox 1451 731 1515 791; x_wconf 93' lang='lat' dir='ltr'><strong>et</strong></span> <span class='ocrx_word' id='word_1_18' title='bbox 1552 726 1926 792; x_wconf 85' lang='lat' dir='ltr'><strong>Armeniam</strong></span> <span class='ocrx_word' id='word_1_19' title='bbox 1972 727 2328 792; x_wconf 86' lang='lat' dir='ltr'><strong>uindicanti</strong></span> <span class='ocrx_word' id='word_1_20' title='bbox 2366 728 2555 793; x_wconf 87' lang='lat' dir='ltr'><strong>facile</strong></span> <span class='ocrx_word' id='word_1_21' title='bbox 2593 732 2924 793; x_wconf 79' lang='lat' dir='ltr'><strong>cesseruni·</strong></span> 
     </span>
     <span class='ocr_line' id='line_1_4' title="bbox 622 833 2922 919; baseline 0 -22"><span class='ocrx_word' id='word_1_22' title='bbox 622 838 685 897; x_wconf 99' lang='lat' dir='ltr'><strong>et</strong></span> <span class='ocrx_word' id='word_1_23' title='bbox 733 835 919 919; x_wconf 85' lang='lat' dir='ltr'><strong>signa</strong></span> <span class='ocrx_word' id='word_1_24' title='bbox 965 833 1297 918; x_wconf 88' lang='lat' dir='ltr'><strong>militaria,</strong></span> <span class='ocrx_word' id='word_1_25' title='bbox 1354 856 1514 917; x_wconf 91' lang='lat' dir='ltr'><strong>quae</strong></span> <span class='ocrx_word' id='word_1_26' title='bbox 1562 833 1645 897; x_wconf 91' lang='lat' dir='ltr'><strong>M.</strong></span> <span class='ocrx_word' id='word_1_27' title='bbox 1690 834 1918 899; x_wconf 81' lang='lat' dir='ltr'><strong>Crasso</strong></span> <span class='ocrx_word' id='word_1_28' title='bbox 1966 838 2030 899; x_wconf 92' lang='lat' dir='ltr'><strong>et</strong></span> <span class='ocrx_word' id='word_1_29' title='bbox 2078 834 2162 899; x_wconf 93' lang='lat' dir='ltr'><strong>M.</strong></span> <span class='ocrx_word' id='word_1_30' title='bbox 2200 834 2490 909; x_wconf 91' lang='lat' dir='ltr'><strong>Antonio</strong></span> <span class='ocrx_word' id='word_1_31' title='bbox 2538 836 2922 919; x_wconf 80' lang='lat' dir='ltr'><strong>ademerant,</strong></span> 
     </span>
     <span class='ocr_line' id='line_1_5' title="bbox 622 940 2920 1025; baseline 0 -22"><span class='ocrx_word' id='word_1_32' title='bbox 622 942 985 1024; x_wconf 84' lang='lat' dir='ltr'><strong>reposcenti</strong></span> <span class='ocrx_word' id='word_1_33' title='bbox 1021 940 1436 1004; x_wconf 87' lang='lat' dir='ltr'><strong>reddiderunt</strong></span> <span class='ocrx_word' id='word_1_34' title='bbox 1474 940 1859 1024; x_wconf 88' lang='lat' dir='ltr'><strong>obsidesque</strong></span> <span class='ocrx_word' id='word_1_35' title='bbox 1906 943 2172 1025; x_wconf 88' lang='lat' dir='ltr'><strong>insuper</strong></span> <span class='ocrx_word' id='word_1_36' title='bbox 2209 942 2600 1025; x_wconf 89' lang='lat' dir='ltr'><strong>optulerunt,</strong></span> <span class='ocrx_word' id='word_1_37' title='bbox 2647 941 2920 1025; x_wconf 90' lang='lat' dir='ltr'><strong>denique</strong></span> 
     </span>
     <span class='ocr_line' id='line_1_6' title="bbox 622 1047 3005 1134; baseline 0.002 -24"><span class='ocrx_word' id='word_1_38' title='bbox 622 1047 919 1130; x_wconf 87' lang='lat' dir='ltr'><strong>pluribus</strong></span> <span class='ocrx_word' id='word_1_39' title='bbox 969 1048 1293 1131; x_wconf 89' lang='lat' dir='ltr'><strong>quondam</strong></span> <span class='ocrx_word' id='word_1_40' title='bbox 1341 1047 1416 1111; x_wconf 91' lang='lat' dir='ltr'><strong>de</strong></span> <span class='ocrx_word' id='word_1_41' title='bbox 1463 1069 1662 1134; x_wconf 86' lang='lat' dir='ltr'><strong>regno</strong></span> <span class='ocrx_word' id='word_1_42' title='bbox 1713 1049 2255 1131; x_wconf 76' lang='lat' dir='ltr'><strong>concertantibUS,</strong></span> <span class='ocrx_word' id='word_1_43' title='bbox 2300 1071 2434 1112; x_wconf 93' lang='lat' dir='ltr'><strong>non</strong></span> <span class='ocrx_word' id='word_1_44' title='bbox 2469 1048 2597 1112; x_wconf 88' lang='lat' dir='ltr'><strong>nisi</strong></span> <span class='ocrx_word' id='word_1_45' title='bbox 2645 1048 2725 1112; x_wconf 91' lang='lat' dir='ltr'><strong>ab</strong></span> <span class='ocrx_word' id='word_1_46' title='bbox 2774 1048 2917 1131; x_wconf 88' lang='lat' dir='ltr'><strong>ipso</strong></span> <span class='ocrx_word' id='word_1_47' title='bbox 2979 1076 3005 1115; x_wconf 85' lang='lat'><strong>5</strong></span> 
     </span>
     <span class='ocr_line' id='line_1_7' title="bbox 622 1154 1395 1238; baseline 0.001 -21"><span class='ocrx_word' id='word_1_48' title='bbox 622 1154 895 1218; x_wconf 87' lang='lat' dir='ltr'><strong>electum</strong></span> <span class='ocrx_word' id='word_1_49' title='bbox 941 1154 1395 1238; x_wconf 91' lang='lat' dir='ltr'><strong>probauerunt.</strong></span> 
     </span>
    </p>

    <p class='ocr_par' dir='ltr' id='par_1_3' title="bbox 516 1258 3004 1878">
     <span class='ocr_line' id='line_1_8' title="bbox 516 1258 2920 1344; baseline 0.001 -21"><span class='ocrx_word' id='word_1_50' title='bbox 516 1258 601 1323; x_wconf 75' lang='lat'><strong>22</strong></span> <span class='ocrx_word' id='word_1_51' title='bbox 800 1260 1025 1325; x_wconf 91' lang='lat' dir='ltr'><strong>Ianum</strong></span> <span class='ocrx_word' id='word_1_52' title='bbox 1068 1260 1406 1337; x_wconf 81' lang='lat' dir='ltr'><strong>Quirinum</strong></span> <span class='ocrx_word' id='word_1_53' title='bbox 1452 1261 1648 1325; x_wconf 90' lang='lat' dir='ltr'><strong>semel</strong></span> <span class='ocrx_word' id='word_1_54' title='bbox 1696 1265 1891 1344; x_wconf 89' lang='lat' dir='ltr'><strong>atque</strong></span> <span class='ocrx_word' id='word_1_55' title='bbox 1929 1261 2166 1325; x_wconf 90' lang='lat' dir='ltr'><strong>iterum</strong></span> <span class='ocrx_word' id='word_1_56' title='bbox 2204 1284 2240 1325; x_wconf 98' lang='lat' dir='ltr'><strong>a</strong></span> <span class='ocrx_word' id='word_1_57' title='bbox 2279 1262 2536 1325; x_wconf 88' lang='lat' dir='ltr'><strong>condita</strong></span> <span class='ocrx_word' id='word_1_58' title='bbox 2573 1261 2732 1325; x_wconf 89' lang='lat' dir='ltr'><strong>urbe</strong></span> <span class='ocrx_word' id='word_1_59' title='bbox 2772 1265 2920 1325; x_wconf 89' lang='lat' dir='ltr'><strong>ante</strong></span> 
     </span>
     <span class='ocr_line' id='line_1_9' title="bbox 622 1366 2918 1452; baseline -0.001 -20"><span class='ocrx_word' id='word_1_60' title='bbox 622 1368 997 1432; x_wconf 89' lang='lat' dir='ltr'><strong>memoriam</strong></span> <span class='ocrx_word' id='word_1_61' title='bbox 1055 1390 1235 1431; x_wconf 90' lang='lat' dir='ltr'><strong>suam</strong></span> <span class='ocrx_word' id='word_1_62' title='bbox 1293 1368 1579 1431; x_wconf 90' lang='lat' dir='ltr'><strong>clausum</strong></span> <span class='ocrx_word' id='word_1_63' title='bbox 1636 1366 1705 1431; x_wconf 93' lang='lat' dir='ltr'><strong>in</strong></span> <span class='ocrx_word' id='word_1_64' title='bbox 1752 1368 1961 1431; x_wconf 91' lang='lat' dir='ltr'><strong>multo</strong></span> <span class='ocrx_word' id='word_1_65' title='bbox 2010 1368 2305 1433; x_wconf 90' lang='lat' dir='ltr'><strong>breuiore</strong></span> <span class='ocrx_word' id='word_1_66' title='bbox 2351 1367 2660 1451; x_wconf 90' lang='lat' dir='ltr'><strong>temporis</strong></span> <span class='ocrx_word' id='word_1_67' title='bbox 2706 1367 2918 1452; x_wconf 90' lang='lat' dir='ltr'><strong>spatio</strong></span> 
     </span>
     <span class='ocr_line' id='line_1_10' title="bbox 623 1473 2917 1561; baseline -0 -23"><span class='ocrx_word' id='word_1_68' title='bbox 623 1479 795 1538; x_wconf 90' lang='lat' dir='ltr'><strong>terra</strong></span> <span class='ocrx_word' id='word_1_69' title='bbox 841 1474 1130 1558; x_wconf 90' lang='lat' dir='ltr'><strong>marique</strong></span> <span class='ocrx_word' id='word_1_70' title='bbox 1177 1497 1331 1558; x_wconf 88' lang='lat' dir='ltr'><strong>pace</strong></span> <span class='ocrx_word' id='word_1_71' title='bbox 1377 1479 1563 1558; x_wconf 88' lang='lat' dir='ltr'><strong>parta</strong></span> <span class='ocrx_word' id='word_1_72' title='bbox 1610 1477 1710 1538; x_wconf 91' lang='lat' dir='ltr'><strong>ter</strong></span> <span class='ocrx_word' id='word_1_73' title='bbox 1758 1473 1967 1539; x_wconf 90' lang='lat' dir='ltr'><strong>clusit.</strong></span> <span class='ocrx_word' id='word_1_74' title='bbox 2053 1475 2153 1538; x_wconf 92' lang='lat' dir='ltr'><strong>bis</strong></span> <span class='ocrx_word' id='word_1_75' title='bbox 2203 1496 2404 1538; x_wconf 90' lang='lat' dir='ltr'><strong>ouans</strong></span> <span class='ocrx_word' id='word_1_76' title='bbox 2450 1475 2775 1561; x_wconf 86' lang='lat' dir='ltr'><strong>ingressus</strong></span> <span class='ocrx_word' id='word_1_77' title='bbox 2819 1478 2917 1538; x_wconf 87' lang='lat' dir='ltr'><strong>est</strong></span> 
     </span>
     <span class='ocr_line' id='line_1_11' title="bbox 622 1580 3004 1666; baseline 0.002 -23"><span class='ocrx_word' id='word_1_78' title='bbox 622 1580 866 1665; x_wconf 90' lang='lat' dir='ltr'><strong>urbem,</strong></span> <span class='ocrx_word' id='word_1_79' title='bbox 912 1585 1061 1665; x_wconf 87' lang='lat' dir='ltr'><strong>post</strong></span> <span class='ocrx_word' id='word_1_80' title='bbox 1106 1581 1525 1665; x_wconf 89' lang='lat' dir='ltr'><strong>Philippense</strong></span> <span class='ocrx_word' id='word_1_81' title='bbox 1571 1584 1636 1644; x_wconf 92' lang='lat' dir='ltr'><strong>et</strong></span> <span class='ocrx_word' id='word_1_82' title='bbox 1682 1603 1903 1645; x_wconf 87' lang='lat' dir='ltr'><strong>rursus</strong></span> <span class='ocrx_word' id='word_1_83' title='bbox 1950 1586 2100 1666; x_wconf 85' lang='lat' dir='ltr'><strong>post</strong></span> <span class='ocrx_word' id='word_1_84' title='bbox 2149 1580 2436 1645; x_wconf 88' lang='lat' dir='ltr'><strong>Siculum</strong></span> <span class='ocrx_word' id='word_1_85' title='bbox 2484 1581 2742 1646; x_wconf 89' lang='lat' dir='ltr'><strong>bellum.</strong></span> <span class='ocrx_word' id='word_1_86' title='bbox 2816 1603 2918 1644; x_wconf 85' lang='lat' dir='ltr'><strong>cu-</strong></span> <span class='ocrx_word' id='word_1_87' title='bbox 2948 1609 3004 1647; x_wconf 78' lang='grc' dir='ltr'><strong>ιο</strong></span> 
     </span>
     <span class='ocr_line' id='line_1_12' title="bbox 623 1686 2918 1772; baseline 0 -22"><span class='ocrx_word' id='word_1_88' title='bbox 623 1687 781 1751; x_wconf 88' lang='lat' dir='ltr'><strong>rulis</strong></span> <span class='ocrx_word' id='word_1_89' title='bbox 827 1687 1190 1770; x_wconf 89' lang='lat' dir='ltr'><strong>triumphos</strong></span> <span class='ocrx_word' id='word_1_90' title='bbox 1246 1686 1364 1750; x_wconf 85' lang='lat' dir='ltr'><strong>tris</strong></span> <span class='ocrx_word' id='word_1_91' title='bbox 1419 1689 1579 1771; x_wconf 87' lang='lat' dir='ltr'><strong>egit,</strong></span> <span class='ocrx_word' id='word_1_92' title='bbox 1626 1686 2086 1772; x_wconf 82' lang='lat' dir='ltr'><strong>Delmaticum,</strong></span> <span class='ocrx_word' id='word_1_93' title='bbox 2132 1687 2497 1772; x_wconf 87' lang='lat' dir='ltr'><strong>Actiacum,</strong></span> <span class='ocrx_word' id='word_1_94' title='bbox 2543 1686 2918 1752; x_wconf 90' lang='lat' dir='ltr'><strong>Alexandri-</strong></span> 
     </span>
     <span class='ocr_line' id='line_1_13' title="bbox 622 1792 1703 1878; baseline 0.001 -22"><span class='ocrx_word' id='word_1_95' title='bbox 622 1816 797 1878; x_wconf 92' lang='lat' dir='ltr'><strong>num,</strong></span> <span class='ocrx_word' id='word_1_96' title='bbox 845 1793 1151 1857; x_wconf 90' lang='lat' dir='ltr'><strong>continuo</strong></span> <span class='ocrx_word' id='word_1_97' title='bbox 1199 1792 1415 1857; x_wconf 91' lang='lat' dir='ltr'><strong>triduo</strong></span> <span class='ocrx_word' id='word_1_98' title='bbox 1465 1815 1703 1857; x_wconf 76' lang='lat' dir='ltr'><strong>omnes,</strong></span> 
     </span>
    </p>

    <p class='ocr_par' dir='ltr' id='par_1_4' title="bbox 515 1895 3000 2624">
     <span class='ocr_line' id='line_1_14' title="bbox 515 1895 2918 1985; baseline 0.001 -25"><span class='ocrx_word' id='word_1_99' title='bbox 515 1895 603 1961; x_wconf 71' lang='lat'><strong>23</strong></span> <span class='ocrx_word' id='word_1_100' title='bbox 801 1900 1045 1965; x_wconf 80' lang='lat' dir='ltr'><strong>Graues</strong></span> <span class='ocrx_word' id='word_1_101' title='bbox 1083 1899 1473 1985; x_wconf 85' lang='lat' dir='ltr'><strong>ignominias</strong></span> <span class='ocrx_word' id='word_1_102' title='bbox 1512 1899 1849 1983; x_wconf 85' lang='lat' dir='ltr'><strong>cladesque</strong></span> <span class='ocrx_word' id='word_1_103' title='bbox 1888 1900 2045 1963; x_wconf 87' lang='lat' dir='ltr'><strong>duas</strong></span> <span class='ocrx_word' id='word_1_104' title='bbox 2086 1900 2347 1964; x_wconf 94' lang='lat' dir='ltr'><strong>omnino</strong></span> <span class='ocrx_word' id='word_1_105' title='bbox 2384 1923 2502 1964; x_wconf 88' lang='lat' dir='ltr'><strong>nec</strong></span> <span class='ocrx_word' id='word_1_106' title='bbox 2540 1899 2695 1965; x_wconf 89' lang='lat' dir='ltr'><strong>alibi</strong></span> <span class='ocrx_word' id='word_1_107' title='bbox 2725 1923 2918 1983; x_wconf 91' lang='lat' dir='ltr'><strong>quam</strong></span> 
     </span>
     <span class='ocr_line' id='line_1_15' title="bbox 623 1996 2917 2092; baseline 0 -22"><span class='ocrx_word' id='word_1_108' title='bbox 623 2007 691 2070; x_wconf 92' lang='lat' dir='ltr'><strong>in</strong></span> <span class='ocrx_word' id='word_1_109' title='bbox 739 2006 1080 2072; x_wconf 81' lang='lat' dir='ltr'><strong>Germania</strong></span> <span class='ocrx_word' id='word_1_110' title='bbox 1127 2006 1391 2091; x_wconf 87' lang='lat' dir='ltr'><strong>accepit,</strong></span> <span class='ocrx_word' id='word_1_111' title='bbox 1438 2005 1801 2070; x_wconf 89' lang='lat' dir='ltr'><strong>Lollianam</strong></span> <span class='ocrx_word' id='word_1_112' title='bbox 1857 2011 1921 2070; x_wconf 93' lang='lat' dir='ltr'><strong>et</strong></span> <span class='ocrx_word' id='word_1_113' title='bbox 1968 2006 2345 2092; x_wconf 82' lang='lat' dir='ltr'><strong>Varianam,</strong></span> <span class='ocrx_word' id='word_1_114' title='bbox 2401 2007 2511 2070; x_wconf 88' lang='lat' dir='ltr'><strong>sed</strong></span> <span class='ocrx_word' id='word_1_115' title='bbox 2557 1996 2917 2071; x_wconf 80' lang='lat' dir='ltr'><strong>Lollianam</strong></span> 
     </span>
     <span class='ocr_line' id='line_1_16' title="bbox 623 2112 3000 2197; baseline 0.002 -21"><span class='ocrx_word' id='word_1_116' title='bbox 623 2113 884 2178; x_wconf 85' lang='lat' dir='ltr'><strong>maioris</strong></span> <span class='ocrx_word' id='word_1_117' title='bbox 947 2113 1248 2177; x_wconf 90' lang='lat' dir='ltr'><strong>infamiae</strong></span> <span class='ocrx_word' id='word_1_118' title='bbox 1314 2135 1504 2196; x_wconf 91' lang='lat' dir='ltr'><strong>quam</strong></span> <span class='ocrx_word' id='word_1_119' title='bbox 1572 2112 1965 2197; x_wconf 86' lang='lat' dir='ltr'><strong>detrimenti,</strong></span> <span class='ocrx_word' id='word_1_120' title='bbox 2020 2112 2370 2177; x_wconf 91' lang='lat' dir='ltr'><strong>Varianam</strong></span> <span class='ocrx_word' id='word_1_121' title='bbox 2432 2135 2633 2196; x_wconf 90' lang='lat' dir='ltr'><strong>paene</strong></span> <span class='ocrx_word' id='word_1_122' title='bbox 2697 2112 2916 2177; x_wconf 91' lang='lat' dir='ltr'><strong>exitia·</strong></span> <span class='ocrx_word' id='word_1_123' title='bbox 2949 2140 3000 2180; x_wconf 70' lang='grc' dir='ltr'><strong>ιε</strong></span> 
     </span>
     <span class='ocr_line' id='line_1_17' title="bbox 622 2219 2916 2307; baseline 0 -25"><span class='ocrx_word' id='word_1_124' title='bbox 622 2219 817 2284; x_wconf 92' lang='lat' dir='ltr'><strong>bilem</strong></span> <span class='ocrx_word' id='word_1_125' title='bbox 867 2220 1078 2284; x_wconf 88' lang='lat' dir='ltr'><strong>tribus</strong></span> <span class='ocrx_word' id='word_1_126' title='bbox 1124 2219 1489 2307; x_wconf 86' lang='lat' dir='ltr'><strong>legionibus</strong></span> <span class='ocrx_word' id='word_1_127' title='bbox 1547 2242 1691 2283; x_wconf 91' lang='lat' dir='ltr'><strong>cum</strong></span> <span class='ocrx_word' id='word_1_128' title='bbox 1742 2219 1899 2284; x_wconf 89' lang='lat' dir='ltr'><strong>duce</strong></span> <span class='ocrx_word' id='word_1_129' title='bbox 1955 2221 2314 2306; x_wconf 86' lang='lat' dir='ltr'><strong>legatisque</strong></span> <span class='ocrx_word' id='word_1_130' title='bbox 2371 2224 2434 2283; x_wconf 90' lang='lat' dir='ltr'><strong>et</strong></span> <span class='ocrx_word' id='word_1_131' title='bbox 2481 2220 2738 2283; x_wconf 81' lang='lat' dir='ltr'><strong>auxiliis</strong></span> <span class='ocrx_word' id='word_1_132' title='bbox 2786 2241 2916 2283; x_wconf 95' lang='lat' dir='ltr'><strong>om-</strong></span> 
     </span>
     <span class='ocr_line' id='line_1_18' title="bbox 620 2326 2917 2411; baseline 0 -21"><span class='ocrx_word' id='word_1_133' title='bbox 620 2326 814 2390; x_wconf 84' lang='lat' dir='ltr'><strong>nibus</strong></span> <span class='ocrx_word' id='word_1_134' title='bbox 873 2329 1091 2391; x_wconf 77' lang='lat' dir='ltr'><strong>caesis,</strong></span> <span class='ocrx_word' id='word_1_135' title='bbox 1174 2327 1294 2390; x_wconf 90' lang='lat' dir='ltr'><strong>hac</strong></span> <span class='ocrx_word' id='word_1_136' title='bbox 1352 2329 1650 2391; x_wconf 87' lang='lat' dir='ltr'><strong>nuntiata</strong></span> <span class='ocrx_word' id='word_1_137' title='bbox 1715 2326 2017 2391; x_wconf 85' lang='lat' dir='ltr'><strong>excubias</strong></span> <span class='ocrx_word' id='word_1_138' title='bbox 2074 2349 2188 2411; x_wconf 91' lang='lat' dir='ltr'><strong>per</strong></span> <span class='ocrx_word' id='word_1_139' title='bbox 2241 2327 2466 2390; x_wconf 92' lang='lat' dir='ltr'><strong>urbem</strong></span> <span class='ocrx_word' id='word_1_140' title='bbox 2521 2327 2782 2411; x_wconf 85' lang='lat' dir='ltr'><strong>indixit,</strong></span> <span class='ocrx_word' id='word_1_141' title='bbox 2835 2348 2917 2390; x_wconf 91' lang='lat' dir='ltr'><strong>ne</strong></span> 
     </span>
     <span class='ocr_line' id='line_1_19' title="bbox 623 2431 2918 2519; baseline 0.001 -26"><span class='ocrx_word' id='word_1_142' title='bbox 623 2431 765 2513; x_wconf 90' lang='lat' dir='ltr'><strong>quis</strong></span> <span class='ocrx_word' id='word_1_143' title='bbox 821 2433 1141 2496; x_wconf 88' lang='lat' dir='ltr'><strong>tumultus</strong></span> <span class='ocrx_word' id='word_1_144' title='bbox 1198 2435 1523 2519; x_wconf 88' lang='lat' dir='ltr'><strong>existeret,</strong></span> <span class='ocrx_word' id='word_1_145' title='bbox 1579 2437 1643 2497; x_wconf 90' lang='lat' dir='ltr'><strong>et</strong></span> <span class='ocrx_word' id='word_1_146' title='bbox 1701 2433 2103 2517; x_wconf 80' lang='lat' dir='ltr'><strong>praesidibus</strong></span> <span class='ocrx_word' id='word_1_147' title='bbox 2159 2435 2636 2517; x_wconf 89' lang='lat' dir='ltr'><strong>prouinciarum</strong></span> <span class='ocrx_word' id='word_1_148' title='bbox 2690 2454 2918 2517; x_wconf 90' lang='lat' dir='ltr'><strong>propa-</strong></span> 
     </span>
     <span class='ocr_line' id='line_1_20' title="bbox 622 2537 2915 2624; baseline 0.002 -26"><span class='ocrx_word' id='word_1_149' title='bbox 622 2538 804 2621; x_wconf 86' lang='lat' dir='ltr'><strong>gauit</strong></span> <span class='ocrx_word' id='word_1_150' title='bbox 847 2537 1216 2624; x_wconf 89' lang='lat' dir='ltr'><strong>imperium,</strong></span> <span class='ocrx_word' id='word_1_151' title='bbox 1272 2542 1346 2604; x_wconf 89' lang='lat' dir='ltr'><strong>ut</strong></span> <span class='ocrx_word' id='word_1_152' title='bbox 1393 2564 1430 2603; x_wconf 91' lang='lat' dir='ltr'><strong>a</strong></span> <span class='ocrx_word' id='word_1_153' title='bbox 1483 2539 1710 2623; x_wconf 88' lang='lat' dir='ltr'><strong>peritis</strong></span> <span class='ocrx_word' id='word_1_154' title='bbox 1766 2543 1829 2604; x_wconf 90' lang='lat' dir='ltr'><strong>et</strong></span> <span class='ocrx_word' id='word_1_155' title='bbox 1878 2540 2153 2604; x_wconf 87' lang='lat' dir='ltr'><strong>assuetis</strong></span> <span class='ocrx_word' id='word_1_156' title='bbox 2211 2539 2370 2603; x_wconf 89' lang='lat' dir='ltr'><strong>socii</strong></span> <span class='ocrx_word' id='word_1_157' title='bbox 2418 2542 2915 2604; x_wconf 89' lang='lat' dir='ltr'><strong>continerentur.</strong></span> 
     </span>
    </p>

    <p class='ocr_par' dir='ltr' id='par_1_5' title="bbox 552 2644 2999 2945">
     <span class='ocr_line' id='line_1_21' title="bbox 552 2644 2999 2730; baseline 0.002 -24"><span class='ocrx_word' id='word_1_158' title='bbox 552 2658 582 2706; x_wconf 83' lang='lat'><strong>2</strong></span> <span class='ocrx_word' id='word_1_159' title='bbox 621 2645 807 2707; x_wconf 91' lang='lat' dir='ltr'><strong>uouit</strong></span> <span class='ocrx_word' id='word_1_160' title='bbox 871 2648 934 2707; x_wconf 92' lang='lat' dir='ltr'><strong>et</strong></span> <span class='ocrx_word' id='word_1_161' title='bbox 999 2668 1270 2730; x_wconf 84' lang='lat' dir='ltr'><strong>magnos</strong></span> <span class='ocrx_word' id='word_1_162' title='bbox 1335 2646 1522 2710; x_wconf 89' lang='lat' dir='ltr'><strong>ludos</strong></span> <span class='ocrx_word' id='word_1_163' title='bbox 1585 2644 1731 2710; x_wconf 92' lang='lat' dir='ltr'><strong>Ioui</strong></span> <span class='ocrx_word' id='word_1_164' title='bbox 1798 2644 2061 2730; x_wconf 90' lang='lat' dir='ltr'><strong>Optimo</strong></span> <span class='ocrx_word' id='word_1_165' title='bbox 2117 2645 2428 2729; x_wconf 91' lang='lat' dir='ltr'><strong>Maxim0,</strong></span> <span class='ocrx_word' id='word_1_166' title='bbox 2490 2646 2542 2709; x_wconf 90' lang='lat' dir='ltr'><strong>si</strong></span> <span class='ocrx_word' id='word_1_167' title='bbox 2595 2668 2695 2710; x_wconf 93' lang='lat' dir='ltr'><strong>res</strong></span> <span class='ocrx_word' id='word_1_168' title='bbox 2742 2670 2800 2730; x_wconf 89' lang='lat' dir='ltr'><strong>p.</strong></span> <span class='ocrx_word' id='word_1_169' title='bbox 2848 2645 2919 2709; x_wconf 92' lang='lat' dir='ltr'><strong>in</strong></span> <span class='ocrx_word' id='word_1_170' title='bbox 2947 2675 2999 2713; x_wconf 80' lang='lat'><strong>20</strong></span> 
     </span>
     <span class='ocr_line' id='line_1_22' title="bbox 623 2748 2917 2835; baseline 0.002 -24"><span class='ocrx_word' id='word_1_171' title='bbox 623 2748 949 2814; x_wconf 89' lang='lat' dir='ltr'><strong>meliorem</strong></span> <span class='ocrx_word' id='word_1_172' title='bbox 998 2755 1238 2817; x_wconf 91' lang='lat' dir='ltr'><strong>statum</strong></span> <span class='ocrx_word' id='word_1_173' title='bbox 1275 2755 1603 2816; x_wconf 89' lang='lat' dir='ltr'><strong>uertisset:</strong></span> <span class='ocrx_word' id='word_1_174' title='bbox 1651 2754 1824 2835; x_wconf 95' lang='lat' dir='ltr'><strong>quod</strong></span> <span class='ocrx_word' id='word_1_175' title='bbox 1870 2753 2112 2816; x_wconf 88' lang='lat' dir='ltr'><strong>factum</strong></span> <span class='ocrx_word' id='word_1_176' title='bbox 2151 2751 2473 2817; x_wconf 88' lang='lat' dir='ltr'><strong>Cimbrico</strong></span> <span class='ocrx_word' id='word_1_177' title='bbox 2512 2752 2917 2835; x_wconf 87' lang='lat' dir='ltr'><strong>Marsicoque</strong></span> 
     </span>
     <span class='ocr_line' id='line_1_23' title="bbox 625 2855 2919 2945; baseline 0.003 -28"><span class='ocrx_word' id='word_1_178' title='bbox 625 2855 794 2919; x_wconf 89' lang='lat' dir='ltr'><strong>bello</strong></span> <span class='ocrx_word' id='word_1_179' title='bbox 843 2861 997 2922; x_wconf 90' lang='lat' dir='ltr'><strong>erat.</strong></span> <span class='ocrx_word' id='word_1_180' title='bbox 1080 2859 1236 2923; x_wconf 87' lang='lat' dir='ltr'><strong>adeo</strong></span> <span class='ocrx_word' id='word_1_181' title='bbox 1287 2859 1557 2943; x_wconf 89' lang='lat' dir='ltr'><strong>denique</strong></span> <span class='ocrx_word' id='word_1_182' title='bbox 1605 2863 2086 2923; x_wconf 88' lang='lat' dir='ltr'><strong>consternatum</strong></span> <span class='ocrx_word' id='word_1_183' title='bbox 2134 2859 2378 2945; x_wconf 87' lang='lat' dir='ltr'><strong>ferunt,</strong></span> <span class='ocrx_word' id='word_1_184' title='bbox 2437 2864 2511 2924; x_wconf 91' lang='lat' dir='ltr'><strong>ut</strong></span> <span class='ocrx_word' id='word_1_185' title='bbox 2556 2882 2670 2944; x_wconf 87' lang='lat' dir='ltr'><strong>per</strong></span> <span class='ocrx_word' id='word_1_186' title='bbox 2716 2861 2919 2923; x_wconf 90' lang='lat' dir='ltr'><strong>conti-</strong></span> 
     </span>
    </p>
   </div>
   <div class='ocr_carea' id='block_1_3' title="bbox 620 3002 1047 3011">
    <p class='ocr_par' dir='ltr' id='par_1_6' title="bbox 620 3002 1047 3011">
     <span class='ocr_line' id='line_1_24' title="bbox 620 3002 1047 3011; baseline 0 2198"><span class='ocrx_word' id='word_1_187' title='bbox 620 3002 1047 3011; x_wconf 95' lang='lat' dir='ltr'><strong> </strong></span> 
     </span>
    </p>
   </div>
   <div class='ocr_carea' id='block_1_4' title="bbox 618 3086 2916 4197">
    <p class='ocr_par' dir='ltr' id='par_1_7' title="bbox 618 3086 2916 4197">
     <span class='ocr_line' id='line_1_25' title="bbox 621 3086 2915 3155; baseline 0.001 -17"><span class='ocrx_word' id='word_1_188' title='bbox 621 3102 721 3155; x_wconf 87' lang='lat' dir='ltr'><strong>pes</strong></span> <span class='ocrx_word' id='word_1_189' title='bbox 758 3086 976 3155; x_wconf 84' lang='lat' dir='ltr'><strong>legatos</strong></span> <span class='ocrx_word' id='word_1_190' title='bbox 1015 3104 1142 3140; x_wconf 90' lang='lat' dir='ltr'><strong>cum</strong></span> <span class='ocrx_word' id='word_1_191' title='bbox 1180 3086 1341 3140; x_wconf 85' lang='lat' dir='ltr'><strong>donis</strong></span> <span class='ocrx_word' id='word_1_192' title='bbox 1378 3087 1666 3141; x_wconf 90' lang='lat' dir='ltr'><strong>miserunt.</strong></span> <span class='ocrx_word' id='word_1_193' title='bbox 1742 3089 1811 3154; x_wconf 80' lang='lat' dir='ltr'><strong>ef.</strong></span> <span class='ocrx_word' id='word_1_194' title='bbox 1849 3088 1998 3142; x_wconf 78' lang='grc' dir='ltr'><em>Ονοε.</em></span> <span class='ocrx_word' id='word_1_195' title='bbox 2041 3089 2129 3142; x_wconf 92' lang='lat' dir='ltr'><strong>VI</strong></span> <span class='ocrx_word' id='word_1_196' title='bbox 2146 3093 2247 3153; x_wconf 91' lang='lat'><strong>21,</strong></span> <span class='ocrx_word' id='word_1_197' title='bbox 2279 3093 2362 3142; x_wconf 90' lang='lat'><strong>19.</strong></span> <span class='ocrx_word' id='word_1_198' title='bbox 2384 3093 2460 3143; x_wconf 88' lang='lat'><strong>20</strong></span> <span class='ocrx_word' id='word_1_199' title='bbox 2506 3089 2620 3143; x_wconf 82' lang='lat' dir='ltr'><strong>Vir.</strong></span> <span class='ocrx_word' id='word_1_200' title='bbox 2650 3089 2727 3141; x_wconf 76' lang='lat' dir='ltr'><strong>ill.</strong></span> <span class='ocrx_word' id='word_1_201' title='bbox 2762 3092 2915 3154; x_wconf 86' lang='lat'><strong>79,5</strong></span> 
     </span>
     <span class='ocr_line' id='line_1_26' title="bbox 621 3167 2915 3237; baseline 0 -18"><span class='ocrx_word' id='word_1_202' title='bbox 621 3167 985 3222; x_wconf 77' lang='lat' dir='ltr'><strong>Einhard.16</strong></span> <span class='ocrx_word' id='word_1_203' title='bbox 1129 3174 1159 3219; x_wconf 83' lang='lat'><strong>2</strong></span> <span class='ocrx_word' id='word_1_204' title='bbox 1200 3169 1435 3236; x_wconf 78' lang='lat' dir='ltr'><strong>Eutrop.</strong></span> <span class='ocrx_word' id='word_1_205' title='bbox 1469 3170 1591 3222; x_wconf 93' lang='lat' dir='ltr'><strong>VII</strong></span> <span class='ocrx_word' id='word_1_206' title='bbox 1612 3173 1647 3221; x_wconf 89' lang='lat'><em>9</em></span> <span class='ocrx_word' id='word_1_207' title='bbox 1684 3168 2007 3222; x_wconf 85' lang='lat' dir='ltr'><strong>Armeniam</strong></span> <span class='ocrx_word' id='word_1_208' title='bbox 2046 3184 2079 3219; x_wconf 89' lang='lat' dir='ltr'><strong>a</strong></span> <span class='ocrx_word' id='word_1_209' title='bbox 2117 3168 2340 3221; x_wconf 85' lang='lat' dir='ltr'><strong>Parthis</strong></span> <span class='ocrx_word' id='word_1_210' title='bbox 2376 3169 2605 3237; x_wconf 90' lang='lat' dir='ltr'><strong>recepit.</strong></span> <span class='ocrx_word' id='word_1_211' title='bbox 2672 3167 2915 3236; x_wconf 89' lang='lat' dir='ltr'><strong>obsides,</strong></span> 
     </span>
     <span class='ocr_line' id='line_1_27' title="bbox 622 3247 2914 3316; baseline 0 -17"><span class='ocrx_word' id='word_1_212' title='bbox 622 3248 772 3313; x_wconf 90' lang='lat' dir='ltr'><strong>quod</strong></span> <span class='ocrx_word' id='word_1_213' title='bbox 801 3247 944 3300; x_wconf 90' lang='lat' dir='ltr'><strong>nulli</strong></span> <span class='ocrx_word' id='word_1_214' title='bbox 973 3250 1159 3314; x_wconf 85' lang='lat' dir='ltr'><strong>antea,</strong></span> <span class='ocrx_word' id='word_1_215' title='bbox 1189 3247 1391 3300; x_wconf 90' lang='lat' dir='ltr'><strong>Persae</strong></span> <span class='ocrx_word' id='word_1_216' title='bbox 1420 3248 1471 3300; x_wconf 93' lang='lat' dir='ltr'><strong>ei</strong></span> <span class='ocrx_word' id='word_1_217' title='bbox 1501 3248 1792 3301; x_wconf 88' lang='lat' dir='ltr'><strong>dederunt.</strong></span> <span class='ocrx_word' id='word_1_218' title='bbox 1850 3249 2219 3301; x_wconf 80' lang='lat' dir='ltr'><strong>reddiderunt</strong></span> <span class='ocrx_word' id='word_1_219' title='bbox 2248 3249 2420 3301; x_wconf 90' lang='lat' dir='ltr'><strong>etiam</strong></span> <span class='ocrx_word' id='word_1_220' title='bbox 2447 3249 2615 3316; x_wconf 85' lang='lat' dir='ltr'><strong>signa</strong></span> <span class='ocrx_word' id='word_1_221' title='bbox 2641 3248 2914 3315; x_wconf 83' lang='lat' dir='ltr'><strong>Romana,</strong></span> 
     </span>
     <span class='ocr_line' id='line_1_28' title="bbox 622 3327 2916 3396; baseline 0.001 -16"><span class='ocrx_word' id='word_1_222' title='bbox 622 3343 769 3394; x_wconf 92' lang='lat' dir='ltr'><strong>quae</strong></span> <span class='ocrx_word' id='word_1_223' title='bbox 808 3327 1004 3381; x_wconf 88' lang='lat' dir='ltr'><strong>Crasso</strong></span> <span class='ocrx_word' id='word_1_224' title='bbox 1052 3328 1205 3380; x_wconf 91' lang='lat' dir='ltr'><strong>uicto</strong></span> <span class='ocrx_word' id='word_1_225' title='bbox 1244 3327 1585 3382; x_wconf 87' lang='lat' dir='ltr'><strong>ademerant.</strong></span> <span class='ocrx_word' id='word_1_226' title='bbox 1661 3330 1817 3396; x_wconf 73' lang='lat' dir='ltr'><strong>Epit.</strong></span> <span class='ocrx_word' id='word_1_227' title='bbox 1851 3334 1900 3394; x_wconf 89' lang='lat'><strong>1,</strong></span> <span class='ocrx_word' id='word_1_228' title='bbox 1930 3334 1967 3381; x_wconf 84' lang='grc'><em>8</em></span> <span class='ocrx_word' id='word_1_229' title='bbox 2003 3328 2136 3381; x_wconf 88' lang='lat' dir='ltr'><strong>huic</strong></span> <span class='ocrx_word' id='word_1_230' title='bbox 2181 3329 2386 3383; x_wconf 89' lang='lat' dir='ltr'><strong>Persae</strong></span> <span class='ocrx_word' id='word_1_231' title='bbox 2432 3329 2656 3382; x_wconf 90' lang='lat' dir='ltr'><strong>obsides</strong></span> <span class='ocrx_word' id='word_1_232' title='bbox 2694 3329 2916 3382; x_wconf 89' lang='lat' dir='ltr'><strong>obtule-</strong></span> 
     </span>
     <span class='ocr_line' id='line_1_29' title="bbox 618 3408 2916 3478; baseline 0 -18"><span class='ocrx_word' id='word_1_233' title='bbox 618 3410 751 3460; x_wconf 85' lang='lat' dir='ltr'><strong>runt</strong></span> <span class='ocrx_word' id='word_1_234' title='bbox 788 3409 1126 3475; x_wconf 84' lang='lat' dir='ltr'><strong>creandique</strong></span> <span class='ocrx_word' id='word_1_235' title='bbox 1171 3424 1332 3478; x_wconf 87' lang='lat' dir='ltr'><strong>reges</strong></span> <span class='ocrx_word' id='word_1_236' title='bbox 1379 3408 1676 3461; x_wconf 87' lang='lat' dir='ltr'><strong>arbitrium</strong></span> <span class='ocrx_word' id='word_1_237' title='bbox 1711 3409 2100 3477; x_wconf 88' lang='lat' dir='ltr'><strong>permiserunt.</strong></span> <span class='ocrx_word' id='word_1_238' title='bbox 2181 3409 2331 3463; x_wconf 83' lang='lat' dir='ltr'><strong>Oros.</strong></span> <span class='ocrx_word' id='word_1_239' title='bbox 2373 3410 2463 3462; x_wconf 92' lang='lat' dir='ltr'><strong>VI</strong></span> <span class='ocrx_word' id='word_1_240' title='bbox 2488 3413 2578 3476; x_wconf 88' lang='lat'><strong>21,</strong></span> <span class='ocrx_word' id='word_1_241' title='bbox 2605 3413 2682 3463; x_wconf 89' lang='lat'><strong>29</strong></span> <span class='ocrx_word' id='word_1_242' title='bbox 2719 3408 2916 3461; x_wconf 84' lang='lat' dir='ltr'><strong>Parthi</strong></span> 
     </span>
     <span class='ocr_line' id='line_1_30' title="bbox 734 3487 2916 3556; baseline 0 -14.951"><span class='ocrx_word' id='word_1_243' title='bbox 734 3487 883 3542; x_wconf 90' lang='lat' dir='ltr'><strong>ultro</strong></span> <span class='ocrx_word' id='word_1_244' title='bbox 923 3488 1111 3556; x_wconf 82' lang='lat' dir='ltr'><strong>signa,</strong></span> <span class='ocrx_word' id='word_1_245' title='bbox 1149 3505 1295 3554; x_wconf 90' lang='lat' dir='ltr'><strong>quae</strong></span> <span class='ocrx_word' id='word_1_246' title='bbox 1334 3487 1529 3541; x_wconf 86' lang='lat' dir='ltr'><strong>Crasso</strong></span> <span class='ocrx_word' id='word_1_247' title='bbox 1567 3488 1863 3543; x_wconf 85' lang='lat' dir='ltr'><strong>interfecto</strong></span> <span class='ocrx_word' id='word_1_248' title='bbox 1903 3488 2268 3553; x_wconf 87' lang='lat' dir='ltr'><strong>abstulerant,</strong></span> <span class='ocrx_word' id='word_1_249' title='bbox 2310 3489 2384 3542; x_wconf 91' lang='lat' dir='ltr'><strong>ad</strong></span> <span class='ocrx_word' id='word_1_250' title='bbox 2421 3488 2713 3543; x_wconf 89' lang='lat' dir='ltr'><strong>Caesarem</strong></span> <span class='ocrx_word' id='word_1_251' title='bbox 2749 3489 2916 3542; x_wconf 90' lang='lat' dir='ltr'><strong>remi-</strong></span> 
     </span>
     <span class='ocr_line' id='line_1_31' title="bbox 622 3567 2915 3637; baseline 0 -16"><span class='ocrx_word' id='word_1_252' title='bbox 622 3571 813 3621; x_wconf 84' lang='lat' dir='ltr'><strong>serunt</strong></span> <span class='ocrx_word' id='word_1_253' title='bbox 860 3569 1143 3637; x_wconf 87' lang='lat' dir='ltr'><strong>regiisque</strong></span> <span class='ocrx_word' id='word_1_254' title='bbox 1190 3568 1481 3622; x_wconf 91' lang='lat' dir='ltr'><strong>obsidibus</strong></span> <span class='ocrx_word' id='word_1_255' title='bbox 1526 3568 1755 3621; x_wconf 87' lang='lat' dir='ltr'><strong>traditis</strong></span> <span class='ocrx_word' id='word_1_256' title='bbox 1802 3569 2021 3621; x_wconf 88' lang='lat' dir='ltr'><strong>firmum</strong></span> <span class='ocrx_word' id='word_1_257' title='bbox 2066 3567 2265 3622; x_wconf 87' lang='lat' dir='ltr'><strong>foedus</strong></span> <span class='ocrx_word' id='word_1_258' title='bbox 2312 3568 2465 3622; x_wconf 90' lang='lat' dir='ltr'><strong>fideli</strong></span> <span class='ocrx_word' id='word_1_259' title='bbox 2504 3568 2915 3637; x_wconf 87' lang='lat' dir='ltr'><strong>supplicatione</strong></span> 
     </span>
     <span class='ocr_line' id='line_1_32' title="bbox 619 3648 2914 3718; baseline -0 -17"><span class='ocrx_word' id='word_1_260' title='bbox 619 3655 958 3702; x_wconf 86' lang='lat' dir='ltr'><strong>meruerunt.</strong></span> <span class='ocrx_word' id='word_1_261' title='bbox 1015 3650 1084 3715; x_wconf 81' lang='lat' dir='ltr'><strong>ef.</strong></span> <span class='ocrx_word' id='word_1_262' title='bbox 1127 3651 1238 3703; x_wconf 83' lang='lat' dir='ltr'><strong>Vir.</strong></span> <span class='ocrx_word' id='word_1_263' title='bbox 1269 3650 1349 3703; x_wconf 74' lang='lat' dir='ltr'><strong>ill.</strong></span> <span class='ocrx_word' id='word_1_264' title='bbox 1381 3654 1467 3714; x_wconf 85' lang='lat'><strong>79,</strong></span> <span class='ocrx_word' id='word_1_265' title='bbox 1488 3654 1523 3702; x_wconf 82' lang='lat'><strong><em>4</em></strong></span> <span class='ocrx_word' id='word_1_266' title='bbox 1688 3656 1716 3702; x_wconf 80' lang='lat'><strong>7</strong></span> <span class='ocrx_word' id='word_1_267' title='bbox 1769 3651 1901 3703; x_wconf 79' lang='lat' dir='ltr'><strong>Viet.</strong></span> <span class='ocrx_word' id='word_1_268' title='bbox 1936 3650 2082 3703; x_wconf 74' lang='lat' dir='ltr'><strong>Caes.</strong></span> <span class='ocrx_word' id='word_1_269' title='bbox 2115 3655 2164 3716; x_wconf 84' lang='lat'><strong>1,</strong></span> <span class='ocrx_word' id='word_1_270' title='bbox 2195 3653 2229 3701; x_wconf 92' lang='grc'><em>3</em></span> <span class='ocrx_word' id='word_1_271' title='bbox 2265 3649 2468 3702; x_wconf 88' lang='lat' dir='ltr'><strong>tertius</strong></span> <span class='ocrx_word' id='word_1_272' title='bbox 2504 3651 2634 3718; x_wconf 89' lang='lat' dir='ltr'><strong>post</strong></span> <span class='ocrx_word' id='word_1_273' title='bbox 2669 3648 2914 3701; x_wconf 89' lang='lat' dir='ltr'><strong>Numam</strong></span> 
     </span>
     <span class='ocr_line' id='line_1_33' title="bbox 621 3727 2914 3797; baseline 0 -17"><span class='ocrx_word' id='word_1_274' title='bbox 621 3728 776 3781; x_wconf 87' lang='lat' dir='ltr'><strong>uicto</strong></span> <span class='ocrx_word' id='word_1_275' title='bbox 815 3729 1062 3793; x_wconf 85' lang='lat' dir='ltr'><strong>Antonio</strong></span> <span class='ocrx_word' id='word_1_276' title='bbox 1099 3728 1297 3781; x_wconf 90' lang='lat' dir='ltr'><strong>Ianum</strong></span> <span class='ocrx_word' id='word_1_277' title='bbox 1336 3728 1615 3782; x_wconf 89' lang='lat' dir='ltr'><strong>clauserit.</strong></span> <span class='ocrx_word' id='word_1_278' title='bbox 1699 3730 1846 3783; x_wconf 80' lang='lat' dir='ltr'><strong>Oros.</strong></span> <span class='ocrx_word' id='word_1_279' title='bbox 1891 3731 1978 3783; x_wconf 92' lang='lat' dir='ltr'><strong>VI</strong></span> <span class='ocrx_word' id='word_1_280' title='bbox 2004 3733 2096 3796; x_wconf 86' lang='lat'><strong>22,</strong></span> <span class='ocrx_word' id='word_1_281' title='bbox 2127 3735 2158 3782; x_wconf 90' lang='lat'><strong><em>1</em></strong></span> <span class='ocrx_word' id='word_1_282' title='bbox 2198 3728 2319 3782; x_wconf 88' lang='lat' dir='ltr'><strong>Iani</strong></span> <span class='ocrx_word' id='word_1_283' title='bbox 2354 3731 2547 3797; x_wconf 85' lang='lat' dir='ltr'><strong>portas</strong></span> <span class='ocrx_word' id='word_1_284' title='bbox 2584 3729 2754 3782; x_wconf 87' lang='lat' dir='ltr'><strong>tertio</strong></span> <span class='ocrx_word' id='word_1_285' title='bbox 2790 3727 2914 3797; x_wconf 91' lang='lat' dir='ltr'><strong>ipse</strong></span> 
     </span>
     <span class='ocr_line' id='line_1_34' title="bbox 621 3808 2912 3879; baseline 0 -18"><span class='ocrx_word' id='word_1_286' title='bbox 621 3810 757 3861; x_wconf 85' lang='lat' dir='ltr'><strong>tunc</strong></span> <span class='ocrx_word' id='word_1_287' title='bbox 797 3808 1017 3862; x_wconf 89' lang='lat' dir='ltr'><strong>clausit.</strong></span> <span class='ocrx_word' id='word_1_288' title='bbox 1075 3810 1143 3874; x_wconf 80' lang='lat' dir='ltr'><strong>cf.</strong></span> <span class='ocrx_word' id='word_1_289' title='bbox 1187 3811 1298 3863; x_wconf 81' lang='lat' dir='ltr'><strong>Vir.</strong></span> <span class='ocrx_word' id='word_1_290' title='bbox 1330 3810 1410 3862; x_wconf 76' lang='lat' dir='ltr'><strong>ill.</strong></span> <span class='ocrx_word' id='word_1_291' title='bbox 1452 3814 1539 3876; x_wconf 87' lang='lat'><strong>79,</strong></span> <span class='ocrx_word' id='word_1_292' title='bbox 1570 3814 1605 3863; x_wconf 90' lang='lat'><strong><em>6</em></strong></span> <span class='ocrx_word' id='word_1_293' title='bbox 1751 3815 1818 3861; x_wconf 92' lang='grc'><strong>22</strong></span> <span class='ocrx_word' id='word_1_294' title='bbox 1859 3810 2014 3879; x_wconf 66' lang='lat' dir='ltr'><strong>Epic.</strong></span> <span class='ocrx_word' id='word_1_295' title='bbox 2048 3815 2106 3874; x_wconf 86' lang='lat'><strong>1,</strong></span> <span class='ocrx_word' id='word_1_296' title='bbox 2136 3813 2206 3861; x_wconf 86' lang='lat'><strong>13</strong></span> <span class='ocrx_word' id='word_1_297' title='bbox 2258 3809 2410 3875; x_wconf 91' lang='lat' dir='ltr'><strong>quod</strong></span> <span class='ocrx_word' id='word_1_298' title='bbox 2454 3808 2515 3860; x_wconf 91' lang='lat' dir='ltr'><strong>in</strong></span> <span class='ocrx_word' id='word_1_299' title='bbox 2560 3810 2783 3862; x_wconf 87' lang='lat' dir='ltr'><strong>tantum</strong></span> <span class='ocrx_word' id='word_1_300' title='bbox 2822 3824 2912 3861; x_wconf 87' lang='lat' dir='ltr'><strong>ac-</strong></span> 
     </span>
     <span class='ocr_line' id='line_1_35' title="bbox 621 3887 2913 3957; baseline 0.001 -17"><span class='ocrx_word' id='word_1_301' title='bbox 621 3888 825 3941; x_wconf 89' lang='lat' dir='ltr'><strong>cidisse</strong></span> <span class='ocrx_word' id='word_1_302' title='bbox 871 3887 1184 3956; x_wconf 83' lang='lat' dir='ltr'><strong>perdoluit,</strong></span> <span class='ocrx_word' id='word_1_303' title='bbox 1241 3890 1305 3940; x_wconf 89' lang='lat' dir='ltr'><strong>ut</strong></span> <span class='ocrx_word' id='word_1_304' title='bbox 1351 3888 1565 3942; x_wconf 84' lang='lat' dir='ltr'><strong>cerebri</strong></span> <span class='ocrx_word' id='word_1_305' title='bbox 1608 3889 1802 3942; x_wconf 90' lang='lat' dir='ltr'><strong>ualido</strong></span> <span class='ocrx_word' id='word_1_306' title='bbox 1849 3888 2075 3941; x_wconf 89' lang='lat' dir='ltr'><strong>incursu</strong></span> <span class='ocrx_word' id='word_1_307' title='bbox 2130 3888 2405 3957; x_wconf 88' lang='lat' dir='ltr'><strong>parietem</strong></span> <span class='ocrx_word' id='word_1_308' title='bbox 2458 3888 2711 3957; x_wconf 82' lang='lat' dir='ltr'><strong>pulsaret</strong></span> <span class='ocrx_word' id='word_1_309' title='bbox 2754 3892 2913 3942; x_wconf 89' lang='lat' dir='ltr'><strong>ueste</strong></span> 
     </span>
     <span class='ocr_line' id='line_1_36' title="bbox 621 3967 2913 4038; baseline 0.001 -17"><span class='ocrx_word' id='word_1_310' title='bbox 621 3968 941 4036; x_wconf 90' lang='lat' dir='ltr'><strong>capilloque</strong></span> <span class='ocrx_word' id='word_1_311' title='bbox 998 3984 1063 4020; x_wconf 90' lang='lat' dir='ltr'><strong>ac</strong></span> <span class='ocrx_word' id='word_1_312' title='bbox 1116 3967 1349 4036; x_wconf 87' lang='lat' dir='ltr'><strong>reliquis</strong></span> <span class='ocrx_word' id='word_1_313' title='bbox 1395 3967 1714 4038; x_wconf 88' lang='lat' dir='ltr'><strong>lugentium</strong></span> <span class='ocrx_word' id='word_1_314' title='bbox 1769 3968 1996 4022; x_wconf 86' lang='lat' dir='ltr'><strong>indiciis</strong></span> <span class='ocrx_word' id='word_1_315' title='bbox 2054 3969 2334 4024; x_wconf 89' lang='lat' dir='ltr'><strong>deformis.</strong></span> <span class='ocrx_word' id='word_1_316' title='bbox 2415 3969 2564 4024; x_wconf 75' lang='lat' dir='ltr'><strong>Oros,</strong></span> <span class='ocrx_word' id='word_1_317' title='bbox 2606 3971 2693 4024; x_wconf 92' lang='lat' dir='ltr'><strong>VI</strong></span> <span class='ocrx_word' id='word_1_318' title='bbox 2721 3974 2812 4035; x_wconf 89' lang='lat'><strong>21,</strong></span> <span class='ocrx_word' id='word_1_319' title='bbox 2838 3973 2913 4023; x_wconf 87' lang='lat'><strong>27</strong></span> 
     </span>
     <span class='ocr_line' id='line_1_37' title="bbox 620 4046 2908 4118; baseline 0 -18"><span class='ocrx_word' id='word_1_320' title='bbox 620 4065 789 4115; x_wconf 88' lang='lat' dir='ltr'><strong>quam</strong></span> <span class='ocrx_word' id='word_1_321' title='bbox 835 4046 918 4102; x_wconf 87' lang='lat' dir='ltr'><strong>rei</strong></span> <span class='ocrx_word' id='word_1_322' title='bbox 955 4047 1220 4117; x_wconf 88' lang='lat' dir='ltr'><strong>publicae</strong></span> <span class='ocrx_word' id='word_1_323' title='bbox 1268 4047 1488 4102; x_wconf 87' lang='lat' dir='ltr'><strong>cladem</strong></span> <span class='ocrx_word' id='word_1_324' title='bbox 1519 4091 1530 4102; x_wconf 92' lang='lat'><strong>.</strong></span> <span class='ocrx_word' id='word_1_325' title='bbox 1555 4092 1601 4104; x_wconf 91' lang='lat'><strong>..</strong></span> <span class='ocrx_word' id='word_1_326' title='bbox 1635 4049 1776 4102; x_wconf 90' lang='lat' dir='ltr'><strong>adeo</strong></span> <span class='ocrx_word' id='word_1_327' title='bbox 1823 4049 2077 4118; x_wconf 84' lang='lat' dir='ltr'><strong>grauiter</strong></span> <span class='ocrx_word' id='word_1_328' title='bbox 2122 4048 2282 4116; x_wconf 87' lang='lat' dir='ltr'><strong>tulit,</strong></span> <span class='ocrx_word' id='word_1_329' title='bbox 2332 4051 2397 4102; x_wconf 88' lang='lat' dir='ltr'><strong>ut</strong></span> <span class='ocrx_word' id='word_1_330' title='bbox 2442 4065 2611 4117; x_wconf 89' lang='lat' dir='ltr'><strong>saepe</strong></span> <span class='ocrx_word' id='word_1_331' title='bbox 2656 4064 2759 4117; x_wconf 89' lang='lat' dir='ltr'><strong>per</strong></span> <span class='ocrx_word' id='word_1_332' title='bbox 2796 4047 2908 4101; x_wconf 90' lang='lat' dir='ltr'><strong>uim</strong></span> 
     </span>
     <span class='ocr_line' id='line_1_38' title="bbox 621 4127 2911 4197; baseline 0.001 -17"><span class='ocrx_word' id='word_1_333' title='bbox 621 4129 829 4181; x_wconf 88' lang='lat' dir='ltr'><strong>doloris</strong></span> <span class='ocrx_word' id='word_1_334' title='bbox 870 4130 1042 4196; x_wconf 89' lang='lat' dir='ltr'><strong>caput</strong></span> <span class='ocrx_word' id='word_1_335' title='bbox 1077 4128 1286 4197; x_wconf 87' lang='lat' dir='ltr'><strong>parieti</strong></span> <span class='ocrx_word' id='word_1_336' title='bbox 1324 4128 1612 4182; x_wconf 88' lang='lat' dir='ltr'><strong>conlidens</strong></span> <span class='ocrx_word' id='word_1_337' title='bbox 1643 4128 1937 4182; x_wconf 83' lang='lat' dir='ltr'><strong>clamaret:</strong></span> <span class='ocrx_word' id='word_1_338' title='bbox 1980 4127 2219 4193; x_wconf 82' lang='lat' dir='ltr'><strong>Quintili</strong></span> <span class='ocrx_word' id='word_1_339' title='bbox 2249 4127 2411 4196; x_wconf 92' lang='lat' dir='ltr'><strong>Vare‚</strong></span> <span class='ocrx_word' id='word_1_340' title='bbox 2441 4129 2614 4182; x_wconf 89' lang='lat' dir='ltr'><strong>redde</strong></span> <span class='ocrx_word' id='word_1_341' title='bbox 2642 4127 2911 4197; x_wconf 84' lang='lat' dir='ltr'><strong>legiones.</strong></span> 
     </span>
    </p>
   </div>
   <div class='ocr_carea' id='block_1_5' title="bbox 766 4259 951 4264">
    <p class='ocr_par' dir='ltr' id='par_1_8' title="bbox 766 4259 951 4264">
     <span class='ocr_line' id='line_1_39' title="bbox 766 4259 951 4264; baseline 0 0"><span class='ocrx_word' id='word_1_342' title='bbox 766 4259 951 4264; x_wconf 95' lang='lat' dir='ltr'><strong> </strong></span> 
     </span>
    </p>
   </div>
   <div class='ocr_carea' id='block_1_6' title="bbox 616 4341 2920 4652">
    <p class='ocr_par' dir='ltr' id='par_1_9' title="bbox 616 4341 2920 4652">
     <span class='ocr_line' id='line_1_40' title="bbox 762 4341 2920 4412; baseline -0 -18"><span class='ocrx_word' id='word_1_343' title='bbox 762 4349 792 4394; x_wconf 85' lang='lat'><strong>2</strong></span> <span class='ocrx_word' id='word_1_344' title='bbox 833 4341 1070 4394; x_wconf 89' lang='lat' dir='ltr'><strong>armenii</strong></span> <span class='ocrx_word' id='word_1_345' title='bbox 1107 4341 1211 4410; x_wconf 87' lang='lat' dir='ltr'><strong>(-ni</strong></span> <span class='ocrx_word' id='word_1_346' title='bbox 1245 4343 1318 4411; x_wconf 85' lang='lat' dir='ltr'><strong>T)</strong></span> <span class='ocrx_word' id='word_1_347' title='bbox 1353 4342 1471 4395; x_wconf 78' lang='lat' dir='ltr'><strong>GT</strong></span> <span class='ocrx_word' id='word_1_348' title='bbox 1608 4347 1639 4393; x_wconf 89' lang='lat'><strong>3</strong></span> <span class='ocrx_word' id='word_1_349' title='bbox 1681 4342 2010 4395; x_wconf 87' lang='lat' dir='ltr'><strong>ademerunt</strong></span> <span class='ocrx_word' id='word_1_350' title='bbox 2038 4346 2096 4394; x_wconf 88' lang='lat' dir='ltr'><em>X</em></span> <span class='ocrx_word' id='word_1_351' title='bbox 2126 4346 2258 4411; x_wconf 73' lang='lat' dir='ltr'><strong>(non</strong></span> <span class='ocrx_word' id='word_1_352' title='bbox 2294 4343 2363 4411; x_wconf 85' lang='lat' dir='ltr'><strong>T)</strong></span> <span class='ocrx_word' id='word_1_353' title='bbox 2510 4348 2541 4395; x_wconf 88' lang='lat'>5</span> <span class='ocrx_word' id='word_1_354' title='bbox 2579 4342 2727 4412; x_wconf 90' lang='lat' dir='ltr'><strong>ipso]</strong></span> <span class='ocrx_word' id='word_1_355' title='bbox 2767 4357 2831 4394; x_wconf 90' lang='lat' dir='ltr'><strong>eo</strong></span> <span class='ocrx_word' id='word_1_356' title='bbox 2861 4344 2920 4393; x_wconf 88' lang='lat' dir='ltr'><em>X</em></span> 
     </span>
     <span class='ocr_line' id='line_1_41' title="bbox 621 4420 2913 4491; baseline -0.001 -17"><span class='ocrx_word' id='word_1_357' title='bbox 621 4429 648 4474; x_wconf 79' lang='lat'><strong>7</strong></span> <span class='ocrx_word' id='word_1_358' title='bbox 681 4439 715 4475; x_wconf 88' lang='lat' dir='ltr'><strong>a</strong></span> <span class='ocrx_word' id='word_1_359' title='bbox 744 4440 843 4477; x_wconf 86' lang='lat' dir='ltr'><strong>om.</strong></span> <span class='ocrx_word' id='word_1_360' title='bbox 877 4424 949 4476; x_wconf 86' lang='lat' dir='ltr'><em>M</em></span> <span class='ocrx_word' id='word_1_361' title='bbox 952 4422 1003 4475; x_wconf 78' lang='lat' dir='ltr'><strong><em>G</em></strong></span> <span class='ocrx_word' id='word_1_362' title='bbox 1015 4422 1222 4477; x_wconf 87' lang='lat' dir='ltr'>VL¹P¹</span> <span class='ocrx_word' id='word_1_363' title='bbox 1260 4423 1407 4491; x_wconf 84' lang='lat' dir='ltr'><strong>(add.</strong></span> <span class='ocrx_word' id='word_1_364' title='bbox 1438 4421 1636 4490; x_wconf 80' lang='lat' dir='ltr'><strong>L³P²),</strong></span> <span class='ocrx_word' id='word_1_365' title='bbox 1679 4439 1848 4489; x_wconf 62' lang='lat' dir='ltr'><strong>‘neque</strong></span> <span class='ocrx_word' id='word_1_366' title='bbox 1877 4423 2014 4476; x_wconf 74' lang='lat' dir='ltr'><strong>addi</strong></span> <span class='ocrx_word' id='word_1_367' title='bbox 2040 4440 2244 4476; x_wconf 72' lang='lat' dir='ltr'><strong>necesse</strong></span> <span class='ocrx_word' id='word_1_368' title='bbox 2271 4423 2493 4476; x_wconf 77' lang='lat' dir='ltr'><strong>uidetur</strong></span> <span class='ocrx_word' id='word_1_369' title='bbox 2636 4426 2667 4473; x_wconf 83' lang='lat'>9</span> <span class='ocrx_word' id='word_1_370' title='bbox 2707 4420 2913 4473; x_wconf 86' lang='lat' dir='ltr'><strong>clausit</strong></span> 
     </span>
     <span class='ocr_line' id='line_1_42' title="bbox 616 4501 2913 4572; baseline -0.001 -16"><span class='ocrx_word' id='word_1_371' title='bbox 616 4502 909 4557; x_wconf 77' lang='lat' dir='ltr'><strong>HRP2ST</strong></span> <span class='ocrx_word' id='word_1_372' title='bbox 931 4504 1019 4570; x_wconf 80' lang='lat' dir='ltr'><strong>(cf.</strong></span> <span class='ocrx_word' id='word_1_373' title='bbox 1045 4504 1200 4557; x_wconf 80' lang='lat' dir='ltr'><strong>Mon.</strong></span> <span class='ocrx_word' id='word_1_374' title='bbox 1224 4505 1430 4572; x_wconf 74' lang='lat' dir='ltr'><strong>Ancyr.</strong></span> <span class='ocrx_word' id='word_1_375' title='bbox 1453 4504 1527 4555; x_wconf 95' lang='lat' dir='ltr'><strong>II</strong></span> <span class='ocrx_word' id='word_1_376' title='bbox 1548 4507 1621 4555; x_wconf 80' lang='lat'><strong>42</strong></span> <span class='ocrx_word' id='word_1_377' title='bbox 1638 4504 1771 4571; x_wconf 79' lang='lat' dir='ltr'><strong>sqq.)</strong></span> <span class='ocrx_word' id='word_1_378' title='bbox 1897 4509 1961 4556; x_wconf 88' lang='lat'><strong>13</strong></span> <span class='ocrx_word' id='word_1_379' title='bbox 1991 4520 2161 4569; x_wconf 88' lang='lat' dir='ltr'><strong>quam</strong></span> <span class='ocrx_word' id='word_1_380' title='bbox 2190 4510 2239 4556; x_wconf 83' lang='lat' dir='ltr'><strong>et</strong></span> <span class='ocrx_word' id='word_1_381' title='bbox 2267 4508 2378 4556; x_wconf 79' lang='lat' dir='ltr'><strong>tum</strong></span> <span class='ocrx_word' id='word_1_382' title='bbox 2409 4501 2723 4555; x_wconf 89' lang='lat' dir='ltr'><strong>Lollianam</strong></span> <span class='ocrx_word' id='word_1_383' title='bbox 2744 4518 2913 4569; x_wconf 77' lang='lat' dir='ltr'><strong>usque</strong></span> 
     </span>
     <span class='ocr_line' id='line_1_43' title="bbox 617 4582 2919 4652; baseline -0.002 -15"><span class='ocrx_word' id='word_1_384' title='bbox 617 4584 715 4637; x_wconf 88' lang='lat' dir='ltr'><strong>sed</strong></span> <span class='ocrx_word' id='word_1_385' title='bbox 737 4601 838 4637; x_wconf 84' lang='lat' dir='ltr'><strong>om.</strong></span> <span class='ocrx_word' id='word_1_386' title='bbox 872 4584 924 4636; x_wconf 93' lang='lat' dir='ltr'><strong><em>V</em></strong></span> <span class='ocrx_word' id='word_1_387' title='bbox 1054 4589 1119 4636; x_wconf 88' lang='lat'><strong>14</strong></span> <span class='ocrx_word' id='word_1_388' title='bbox 1160 4582 1257 4634; x_wconf 90' lang='lat' dir='ltr'><strong>sed</strong></span> <span class='ocrx_word' id='word_1_389' title='bbox 1295 4600 1394 4636; x_wconf 85' lang='lat' dir='ltr'><strong>om.</strong></span> <span class='ocrx_word' id='word_1_390' title='bbox 1428 4582 1560 4652; x_wconf 73' lang='lat' dir='ltr'><strong>H¹Q</strong></span> <span class='ocrx_word' id='word_1_391' title='bbox 1698 4586 1762 4634; x_wconf 85' lang='lat'><strong>18</strong></span> <span class='ocrx_word' id='word_1_392' title='bbox 1792 4583 2122 4651; x_wconf 88' lang='lat' dir='ltr'><strong>prorogauit</strong></span> <span class='ocrx_word' id='word_1_393' title='bbox 2150 4600 2183 4641; x_wconf 84' lang='grc' dir='ltr'><strong>ς</strong></span> <span class='ocrx_word' id='word_1_394' title='bbox 2311 4587 2380 4635; x_wconf 89' lang='grc'><strong>20</strong></span> <span class='ocrx_word' id='word_1_395' title='bbox 2416 4599 2535 4635; x_wconf 77' lang='lat' dir='ltr'><strong>rem</strong></span> <span class='ocrx_word' id='word_1_396' title='bbox 2556 4600 2612 4650; x_wconf 90' lang='lat' dir='ltr'><strong>p.</strong></span> <span class='ocrx_word' id='word_1_397' title='bbox 2632 4584 2692 4647; x_wconf 75' lang='lat' dir='ltr'><strong>T,</strong></span> <span class='ocrx_word' id='word_1_398' title='bbox 2720 4598 2762 4633; x_wconf 89' lang='lat' dir='ltr'><strong>r.</strong></span> <span class='ocrx_word' id='word_1_399' title='bbox 2782 4598 2838 4648; x_wconf 85' lang='lat' dir='ltr'><strong>p.</strong></span> <span class='ocrx_word' id='word_1_400' title='bbox 2870 4582 2919 4633; x_wconf 84' lang='lat' dir='ltr'><em>T</em></span> 
     </span>
    </p>
   </div>
  </div>
 </body>
</html>
