3325 5209
1177 392 1394 447 DIVVS
1431 392 1671 447 IVLIVS
1712 405 1841 453 [cAP.
1875 405 2046 454 ἰτ-86]
2677 396 2759 459 41

469 554 782 619 discutere
853 555 1094 639 ualuit,
1167 577 1535 639 quanquam
1600 560 1666 619 et
1738 556 1945 639 plebei
2022 578 2241 643 regem
2316 580 2384 621 se
2457 558 2764 622 salutanti

470 659 863 726 Caesarem
911 684 1014 747 se,
1059 684 1209 726 11611
1254 677 1505 748 regem
1554 684 1717 727 esse
1763 663 2166 746 responderit
2203 668 2268 728 et
2303 664 2764 748 Lupercalibus

465 791 581 852 pro
647 768 874 832 rostris
905 781 966 832 'a
1022 771 1280 834 consule
1334 768 1623 834 Antonio
1690 770 2021 833 admotum
2076 770 2328 855 saepius
2389 771 2586 856 capiti
2646 794 2761 837 suo

467 875 754 939 diadema
800 876 1154 959 reppulerit
1201 879 1395 959 atque
1439 877 1509 939 in
1557 874 1949 968 Capitolium
1995 874 2138 940 Ioui
2177 875 2438 961 Optimo
2476 876 2761 952 Maximo

411 1007 434 1045 5
464 982 730 1046 miserit.
841 983 1000 1066 quin
1080 981 1273 1053 etiam
1347 982 1527 1046 uaria
1607 983 1780 1047 fama
1865 984 2261 1066 percrebruit
2333 984 2762 1071 migraturum
2802 1001 2841 1047 3

465 1087 932 1152 Alexandream
987 1091 1094 1153 uel
1147 1087 1374 1172 Ilium,
1430 1089 1761 1153 translatis
1818 1089 2012 1154 simul
2068 1090 2302 1173 opibus
2357 1089 2612 1174 imperii
2659 1112 2760 1154 ex-

465 1176 818 1278 haustaque
864 1192 1053 1259 Italia
1109 1194 1449 1259 dilectibus
1506 1200 1569 1260 et
1614 1195 2067 1280 procuratione
2124 1196 2303 1262 urbis
2356 1198 2577 1261 amicis
2622 1220 2762 1281 per-

465 1301 677 1385 missa,
714 1302 1010 1385 proximo
1050 1306 1265 1366 autem
1302 1308 1525 1367 senatu
1570 1303 1845 1367 Lucium
1886 1302 2139 1368 Cottam
2184 1305 2761 1387 quindecimuirum

467 1409 847 1472 sententiam
896 1408 1246 1492 dicturum,
1301 1414 1400 1484 ut,
1449 1410 1755 1492 quoniam
1815 1410 2119 1474 fatalibus
2171 1411 2357 1475 libris
2414 1412 2760 1476 continere—

383 1541 436 1578 10
465 1519 573 1578 tur
615 1514 890 1579 Parthos
946 1517 1073 1580 nisi
1127 1539 1164 1578 a
1209 1537 1361 1601 rege
1414 1538 1546 1579 non
1600 1539 1790 1600 posse
1846 1518 2047 1601 uinci,
2103 1517 2336 1582 Caesar
2389 1540 2503 1582 rex
2549 1520 2762 1602 appel-

463 1620 720 1685 laretur.
791 1644 954 1705 quae
1002 1644 1190 1686 causa
1237 1623 1586 1687 coniuratis
1633 1625 2000 1688 maturandi
2044 1624 2171 1692 fuit
2207 1625 2524 1690 destinata
2568 1647 2764 1712 nego·
2779 1623 2882 1688 80

465 1730 573 1812 tia,
617 1751 698 1793 ne
745 1729 1041 1792 assentiri
1085 1751 1342 1794 necesse
1391 1735 1573 1795 esset.

643 1834 924 1899 Consilia
970 1836 1172 1921 igitur
1219 1837 1560 1921 dispersim
1605 1842 1795 1903 antea
1832 1838 2058 1902 habita
2096 1842 2160 1903 et
2198 1862 2360 1922 quae
2398 1862 2587 1923 saepe
2624 1839 2762 1904 bini

464 1942 714 2006 terniue
763 1946 1084 2027 ceperant,
1129 1943 1199 2006 in
1244 1966 1442 2008 unum
1493 1965 1715 2008 omnes
1756 1947 2185 2029 contulerunt,
2230 1968 2310 2009 ne
2347 1947 2587 2030 populo
2628 1946 2764 2030 qui-

379 2072 433 2111 15
464 2049 607 2112 dem
652 2048 782 2113 iam
827 2052 1152 2134 praesenti
1190 2055 1364 2115 statu
1401 2052 1588 2135 laet0‚
1636 2053 1749 2116 sed
1786 2055 1951 2116 clam
1989 2053 2329 2136 palamque
2367 2052 2762 2116 detrectante

464 2154 965 2220 dominationem
1013 2162 1205 2241 atque
1251 2163 1598 2223 assertores
1644 2159 1994 2245 flagitante.
2078 2158 2434 2244 peregrinis
2480 2158 2549 2221 in
2585 2180 2760 2223 sena—
2801 2173 2839 2218 2

463 2267 602 2326 tum
662 2264 907 2328 allectis
967 2264 1225 2328 libellus
1294 2267 1666 2348 propositus
1732 2271 1861 2330 est:
1936 2265 2225 2328 Bonum
2291 2264 2609 2329 factum:
2671 2287 2763 2328 ne

462 2369 633 2452 quis
697 2371 1045 2435 senatori
1109 2394 1308 2435 nouo
1376 2373 1668 2436 curiam·
1729 2376 2158 2436 monstrare
2224 2371 2445 2443 uelit!
2523 2374 2608 2435 et·
2650 2371 2763 2435 illa

461 2476 661 2563 uulgo
710 2478 1104 2542 canebantur
1151 2478 1385 2556 <FPR
1418 2501 1487 2560 p.
1525 2479 1718 2561 330>2

378 2606 433 2645 20
510 2581 772 2648 Gallos
823 2584 1098 2649 Caesar
1143 2586 1219 2649 in
1267 2585 1741 2669 triumphum
1790 2586 2030 2669 ducit,
2078 2586 2274 2649 idem
2321 2585 2399 2650 in
2446 2585 2760 2648 curiam:

509 2687 712 2754 Galli
751 2690 1016 2756 bracas
1048 2692 1600 2776 deposuerunt,
1637 2692 1878 2756 latum
1917 2693 2210 2756 clauum
2252 2697 2761 2776 sumpserunt.

463 2795 703 2871 Quinto
759 2797 1043 2863 Maximo
1101 2799 1371 2862 suffecto
1437 2799 1920 2882 trimenstrique
1975 2801 2236 2862 consule
2291 2798 2616 2863 theatrum
2672 2799 2764 2862 in-

461 2907 787 2988 troeunte,
844 2926 990 2969 cum
1035 2905 1229 2970 lictor
1283 2905 1712 2970 animaduerti
1771 2928 1848 2969 ex
1904 2928 2080 2970 more
2126 2905 2442 2989 iussisset,
2498 2906 2578 2969 ab
2625 2905 2763 2968 uni-

462 3012 664 3073 uersis
726 3012 1195 3076 conclamatum
1257 3016 1356 3076 est
1413 3035 1547 3077 non
1607 3034 1743 3077 esse
1806 3035 1952 3076 eum
2022 3014 2366 3077 consulem.
2463 3017 2611 3096 post
2669 3034 2763 3075 re·
2802 3025 2844 3071 3

382 3141 436 3179 25
465 3121 676 3181 motos
737 3116 1097 3182 Caesetium
1155 3122 1218 3182 et
1271 3118 1621 3183 Marullum
1678 3120 1975 3183 tribunos
2039 3124 2292 3203 reperta
2347 3123 2497 3183 sunt
2551 3118 2765 3202 proxi-

462 3223 585 3285 mis
655 3224 934 3288 comitiis
999 3225 1330 3309 complura
1399 3226 1705 3312 suffragia
1765 3228 2057 3291 consules
2120 3249 2228 3290 eos
2288 3226 2762 3290 declarantium.

463 3329 896 3414 subscripsere
962 3332 1222 3416 quidam
1276 3332 1437 3396 Luci
1492 3332 1682 3396 Bruti
1739 3338 2013 3397 statuae:
2080 3335 2371 3397 utinam
2427 3333 2759 3398 uiueres!

463 3435 618 3498 item
665 3437 868 3520 ipsius
917 3437 1203 3503 Caesaris
1249 3440 1482 3523 <FPR
1517 3464 1584 3523 p.
1614 3442 1808 3524 330>2

509 3541 821 3627 BrutuS‚
861 3546 1039 3629 quia
1077 3568 1297 3632 reges
1337 3548 1599 3631 eiecit,
1640 3549 1909 3611 consul
1946 3547 2236 3631 primus
2275 3547 2527 3611 factus
2567 3551 2706 3610 est:

384 3672 437 3711 so
510 3649 657 3734 1116,
705 3653 889 3734 quia
936 3654 1287 3717 consules
1336 3653 1592 3738 eiecit,
1639 3676 1769 3717 rex
1815 3658 2202 3737 postremo
2249 3655 2500 3718 factus
2550 3658 2680 3717 est.

606 3824 636 3870 2
676 3819 745 3884 cf.
798 3820 920 3873 Viri
956 3820 1032 3873 ill.
1075 3823 1173 3885 85,
1204 3825 1234 3872 1
1418 3824 1483 3871 29
1503 3837 1621 3888 sqq.
1661 3820 1896 3888 Eutrop.
1939 3821 2028 3872 VI
2047 3825 2122 3874 25
2172 3821 2521 3873 coniuratum
2570 3821 2656 3873 est
2702 3819 2760 3871 in

466 3915 590 3952 eum
629 3915 662 3951 a
692 3899 989 3968 sexaginta
1026 3898 1119 3953 uel
1157 3899 1399 3968 amplius
1438 3899 1790 3953 senatoribus
1822 3900 2218 3967 equitibusque
2247 3901 2530 3953 Romanis,
2601 3917 2762 3969 prae-

610 4049 635 4095 1
675 4042 862 4095 ualuit
892 4059 942 4109 ς,
969 4041 1154 4094 uoluit
1173 4044 1224 4093 ,Ω
1351 4041 1505 4110 plebi
1527 4045 1593 4106 X,
1631 4040 1854 4109 plebeio
1877 4044 1985 4110 (-eo
2015 4042 2077 4110 Q)
2099 4042 2206 4094 GT
2328 4049 2360 4095 4
2397 4041 2647 4111 reppulit
2667 4047 2725 4094 X
2729 4045 2764 4096 ὃ

468 4127 497 4173 5
526 4123 720 4176 ualida
751 4140 783 4181 ς
813 4123 1092 4192 (Casaub.)
1238 4127 1269 4173 8
1299 4121 1550 4189 Lucium]
1587 4140 1632 4172 L·
1657 4125 1714 4172 X
1718 4122 1729 4137 ‘
1879 4128 1908 4172 9
1950 4120 2221 4174 fatalibus
2260 4121 2420 4175 libris
2443 4125 2642 4190 scripsi
2671 4124 2769 4192 (cf.

466 4203 652 4256 Herm.
675 4207 748 4256 36
771 4221 813 4270 p
850 4206 1001 4272 295),
1040 4202 1201 4255 libris
1230 4201 1502 4255 fatalibus
1532 4200 1772 4266 Y'P2O‘2,
1812 4200 2082 4254 fatalibus
2113 4202 2275 4269 (fact-
2305 4204 2377 4271 V)
2407 4204 2499 4256 rel.
2635 4220 2763 4255 con-

464 4282 676 4336 tinetur
708 4283 828 4349 GT,
867 4282 1211 4336 detineretur
1231 4284 1367 4336 MV
1507 4287 1571 4333 10
1601 4299 1714 4333 non
1745 4299 1842 4333 om.
1872 4283 1921 4334 G
2070 4288 2129 4333 11
2171 4282 2385 4349 negotii
2419 4284 2486 4348 G,
2525 4300 2636 4336 uooe
2672 4302 2760 4337 sa-

463 4370 643 4431 spec·ta
665 4364 989 4418 Gasaubono
1092 4367 1159 4414 20
1181 4363 1336 4415 curia
1357 4363 1407 4415 G
1510 4368 1570 4414 21
1607 4361 1828 4414 clauom
1847 4362 2100 4414 Bc‘ihrews
2202 4368 2267 4413 23
2289 4379 2512 4416 mouere
2528 4365 2595 4415 M
2609 4365 2660 4415 V
2673 4366 2762 4432 (ue

465 4461 583 4511 exp.
613 4445 672 4497 in
695 4444 789 4510 M)
927 4449 993 4496 25
1022 4443 1363 4496 maurullum
1386 4441 1482 4493 Μ1
1619 4447 1685 4492 26
1727 4441 2072 4494 declaratum
2106 4444 2157 4495 V
2286 4449 2352 4496 28
2380 4442 2629 4496 Caesaris
2660 4445 2760 4497 del.

467 4524 640 4577 Polak
788 4529 852 4575 29
882 4530 931 4576 et
961 4528 1026 4575 30
1057 4523 1154 4589 qui
1175 4524 1434 4576 Faernus
1582 4526 1646 4572 30
1686 4525 1998 4588 postremus
2039 4522 2156 4574 edd.
2199 4524 2408 4589 aliquot
2443 4541 2577 4576 suec.
2611 4525 2770 4577 XVI
