3325 5209
1159 369 1613 424 DOMITIANVS
1653 381 1785 430 [cn.
1817 382 1992 432 20—23]
2595 372 2725 437 353

427 557 546 598 nas
593 536 731 619 ipse
778 534 1124 621 deuelleret
1169 537 1554 616 nataretque
1599 535 1769 598 inter
1813 534 2298 619 uulgatissimas
2341 536 2723 600 meretrices

428 642 648 706 fratris
676 643 878 709 filiam
907 641 1118 706 adhuc
1146 642 1465 726 uirginem
1496 640 1779 705 oblatam
1812 642 1880 705 in
1908 643 2392 706 matrimonium
2423 641 2549 706 sibi
2579 664 2723 707 cum

430 748 767 813 deuinctus
840 748 1165 814 Domitiae
1236 749 1483 832 nuptiis
1554 749 2064 832 pertinacissime
2138 754 2513 833 recusasset,
2592 773 2726 814 non

429 857 636 923 multo
691 859 839 941 post
895 857 1006 920 alii
1066 856 1469 921 conlocatam
1530 857 1819 939 corrupit
1879 856 2051 919 ultro
2123 861 2188 920 et
2246 858 2504 939 quidem
2570 858 2723 921 uiuo

371 986 400 1027 5
430 964 621 1027 etiam
651 967 791 1027 tum
811 963 988 1050 Tit03
1017 984 1168 1027 mox
1197 968 1377 1048 patre
1416 985 1490 1027 ac
1517 964 1660 1026 uiro
1694 962 1983 1027 orbatam
2015 963 2456 1027 ardentissime
2484 963 2725 1047 palam-

432 1092 556 1152 que
604 1069 845 1153 dilexit,
889 1073 964 1141 ut
1002 1071 1194 1134 etiam
1234 1091 1423 1134 causa
1459 1071 1688 1135 mortis
1727 1069 2013 1134 extiterit
2052 1075 2307 1134 coactae
2346 1075 2723 1154 conceptum

428 1198 465 1239 a
512 1199 577 1242 se
625 1177 896 1262 abigere.

606 1282 902 1349 Occisum
943 1306 1090 1348 eum
1126 1283 1409 1368 populus
1446 1284 1899 1370 indifferenter,
1936 1285 2119 1349 miles
2157 1285 2540 1371 grauissime
2568 1285 2722 1349 tulit
2742 1280 2829 1346 23

428 1391 775 1475 statimque
835 1390 1078 1455 Diuum
1143 1390 1464 1474 appellare
1525 1395 1793 1455 conatus
1856 1396 1971 1476 est,
2029 1396 2293 1476 paratus
2356 1397 2418 1481 et
2479 1391 2723 1476 ulcisci,

349 1519 401 1559 ιο
429 1500 555 1563 nisi
602 1499 792 1562 duces
841 1498 1220 1581 defuissent3
1270 1499 1446 1580 quod
1494 1497 1751 1580 quidem
1798 1498 1991 1583 paulo
2038 1504 2187 1583 post
2224 1499 2379 1564 fecit
2417 1503 2717 1583 expostu-

425 1606 573 1670 latis
644 1606 726 1669 ad
798 1625 1070 1688 poenam
1146 1605 1650 1687 pertinacissime
1726 1605 1935 1669 caedis
1999 1605 2385 1672 auctoribus,
2494 1612 2720 1672 contra

427 1715 687 1778 senatus
725 1713 883 1798 adeo
920 1713 1194 1776 laetatus
1234 1715 1348 1795 est,
1385 1716 1459 1775 ut
1497 1714 1739 1796 repleta
1768 1714 2062 1778 certatim
2094 1715 2271 1778 curia
2306 1734 2440 1777 non
2476 1718 2720 1798 tempe-

427 1824 617 1903 raret,
667 1819 825 1902 quin
863 1808 1197 1883 'mortuum
1238 1817 1887 1884 contumeliosissimo
1929 1822 2122 1902 atque
2160 1821 2574 1886 acerbissimo
2615 1821 2722 1885 ad-

308 1996 312 1998 ,
376 1918 384 1926 ’
429 1925 886 1990 clamationum
932 1947 1163 2010 genere
1208 1925 1534 2010 laceraret,
1592 1925 1796 1990 scalas
1844 1927 2035 1990 etiam
2084 1927 2308 1990 inferri
2349 1928 2726 2011 clipeosque

344 2053 399 2093 15
433 2037 498 2097 et
545 2031 857 2117 imagines
906 2033 1042 2096 eius
1091 2054 1306 2096 coram
1355 2033 1607 2097 detrahi
1652 2036 1718 2096 et
1763 2031 2003 2097 ibidem
2042 2035 2180 2097 solo
2221 2033 2427 2119 affligi
2464 2033 2716 2102 iuberet

426 2141 779 2204 nouissime
827 2138 1175 2204 eradendos
1213 2141 1454 2223 ubique
1492 2141 1721 2203 titulos
1761 2139 2270 2223 abolendamque
2311 2162 2560 2205 omnem
2601 2165 2728 2206 me-

427 2232 699 2311 moriam
749 2247 1130 2312 decerneret.
1984 2320 1989 2325 ,

603 2352 776 2418 Ante
812 2376 1052 2437 paucos
1091 2376 1282 2437 quam
1323 2355 1721 2419 occideretur
1757 2374 2007 2419 menses
2046 2356 2270 2419 cornix
2307 2357 2376 2420 in
2406 2354 2724 2439 Capitolio
2763 2367 2795 2416 2
2846 2423 2852 2429 ,

569 2623 599 2670 8
642 2619 825 2673 Victor
847 2620 995 2673 Caes.
1019 2625 1105 2685 11,
1127 2624 1162 2673 9
1191 2636 1300 2686 quo
1330 2619 1471 2673 moti
1508 2618 1737 2686 milites,
1775 2618 1978 2687 quibus
2011 2618 2270 2688 priuatae
2300 2620 2727 2676 commoditates

425 2697 721 2767 dispendio
777 2698 1005 2767 publico
1062 2698 1274 2768 largius
1330 2700 1669 2767 procedunt,
1737 2702 1990 2753 auctores
2045 2699 2197 2753 necis
2259 2700 2331 2754 ad
2387 2700 2726 2770 supplicium

422 2780 617 2847 petere
654 2795 806 2832 more
846 2796 943 2833 suo
975 2779 1295 2832 seditiosius
1325 2782 1644 2847 coeperunt.
1720 2779 1817 2848 qui
1853 2779 1948 2832 uix
1988 2796 2263 2850 aegreque
2300 2798 2399 2849 per
2425 2781 2725 2849 prudentes

423 2857 690 2925 cohibiti,
737 2859 968 2912 tandem
1004 2859 1065 2912 in
1102 2859 1346 2929 gratiam
1394 2859 1732 2928 optimatum
1780 2877 2089 2914 conuenere
2126 2878 2228 2928 eqs.
2294 2861 2363 2928 cf.
2393 2863 2549 2930 Epit.
2580 2866 2667 2929 12,
2689 2867 2726 2917 8

426 2939 656 3008 Lampr.
686 2939 845 2993 Alex.
874 2939 997 2993 Seu.
1030 2936 1118 3005 63,
1148 2945 1178 2993 1
1232 2941 1469 2993 mortem
1521 2939 1638 2992 eius
1690 2939 1899 2994 milites
1938 2982 1950 2994 .
1992 2981 2005 2994 .
2046 2982 2058 2994 .
2096 2941 2426 3010 grauissime
2475 2941 2727 2996 tulerunt

427 3021 599 3087 atque
639 3021 891 3073 auctores
930 3019 1117 3073 caedis
1154 3019 1524 3073 trucidarunt.
1673 3024 1738 3072 16
1786 3020 1971 3076 Victor
2000 3022 2149 3076 Caes.
2180 3027 2268 3088 11,
2295 3027 2331 3076 8
2367 3024 2592 3076 senatus
2625 3064 2636 3076 .
2668 3065 2680 3077 .
2713 3065 2725 3077 .

429 3100 740 3154 radendum
764 3141 775 3152 .
799 3141 810 3152 .
833 3141 844 3153 .
865 3116 1068 3153 nomen
1099 3099 1348 3154 decreuit
1369 3101 1516 3169 (inde
1543 3100 1702 3169 Epit.
1724 3105 1810 3166 11,
1833 3104 1938 3170 13).
2064 3108 2129 3155 13
2151 3119 2230 3169 sq.
2263 3102 2417 3170 Epit.
2441 3107 2529 3168 13,
2550 3108 2622 3156 10
2642 3104 2726 3172 (de

436 3181 702 3249 Traiano)
741 3197 883 3246 quae
915 3180 1103 3234 omnia
1140 3198 1205 3234 eo
1243 3179 1458 3252 maiora
1485 3179 1832 3248 uisebantur,
1872 3182 2136 3249 quoniam
2174 3199 2274 3251 per
2310 3182 2516 3235 multos
2556 3185 2725 3252 atque

426 3262 644 3313 atroces
687 3263 954 3328 tyrannos
1005 3260 1227 3329 perdito
1276 3261 1445 3327 atque
1495 3263 1777 3329 prostrato
1829 3263 1979 3315 statu
2021 3262 2273 3317 Romano
2315 3262 2375 3315 in
2416 3262 2726 3317 remedium

425 3342 715 3394 tantorum
760 3341 1035 3394 malorum
1083 3341 1355 3394 diuinitus
1403 3341 1736 3395 credebatur
1772 3344 2043 3409 oportune
2083 3342 2272 3409 datus,
2308 3360 2486 3412 usque
2524 3360 2614 3409 e0,
2661 3347 2725 3397 ut

425 3419 733 3474 adueniens
788 3420 1086 3489 imperium
1139 3420 1257 3475 eius
1312 3420 1579 3490 pleraque
1634 3420 1874 3475 mirifica
1929 3423 2402 3476 denuntiauerint.
2485 3423 2544 3476 in
2599 3423 2724 3493 quis

427 3501 817 3570 praecipuum,
870 3500 1148 3555 cornicem
1194 3518 1223 3554 e
1275 3500 1505 3570 fastigio
1550 3499 1816 3571 Capitolii
1856 3501 2060 3556 Atticis
2103 3503 2448 3557 sermonibus
2497 3503 2725 3558 effatam

424 3600 546 3636 esse
576 3585 755 3642 καλῶς
784 3581 949 3636 ἔσται.

572 3839 600 3886 1
640 3833 761 3901 ipse
790 3848 927 3887 corr.
957 3849 1023 3886 ex
1050 3831 1161 3900 ipsi
1181 3833 1255 3885 M
1361 3830 1669 3884 deuelleret
1698 3832 1749 3886 G
1778 3831 2072 3900 warjans),
2102 3831 2400 3885 diuelleret
2432 3834 2525 3888 rel.
2557 3837 2649 3904 (Ω.)

427 3925 761 4018 nataretque
782 3950 857 4002 M
879 3950 969 4031 ζηι.
1000 3953 1031 4001 1
1060 3955 1123 4002 ut
1142 3949 1298 4016 uid),
1326 3948 1657 4015 notai-etque
1684 3947 1749 4011 G,
1778 3946 1828 3999 N
1833 3947 2200 4015 atharamque
2226 3951 2261 4002 δ
2394 3949 2723 4019 uulgatissi-

425 4049 548 4085 mas
579 4048 611 4090 ς
774 4036 804 4082 2
842 4029 1122 4098 uirginem
1150 4045 1261 4092 non
1284 4027 1356 4083 M
1383 4028 1640 4096 (expuam.
1671 4045 1741 4080 m.
1769 4030 1825 4097 2)
1963 4027 2071 4081 sibi
2099 4029 2159 4080 in
2191 4029 2611 4082 matrimonium
2636 4031 2722 4085 G&

432 4117 462 4162 3
509 4111 763 4164 deuictus
794 4127 861 4177 ρς
1107 4113 1139 4161 8
1179 4126 1305 4161 eum
1349 4125 1451 4165 om.
1481 4108 1547 4161 N
1766 4113 1794 4160 9
1835 4125 1961 4161 eum
1999 4116 2128 4177 post
2172 4109 2477 4176 statimque
2515 4111 2644 4164 add.
2679 4113 2728 4163 Τ

432 4197 499 4244 10
536 4192 726 4261 duces]
754 4191 903 4244 uires
938 4193 987 4242 Τ
1094 4195 1159 4242 12
1189 4189 1567 4257 temperarent
1597 4189 1720 4253 Μδ,
1754 4188 1918 4241 -rarit
1948 4188 2177 4259 Bentley
2344 4194 2408 4241 13
2439 4192 2721 4243 contume-

429 4271 751 4341 liosissimo]
789 4270 1112 4342 turpissimo
1147 4270 1198 4323 G
1316 4270 1484 4335 atque
1515 4268 1870 4322 acerbissimo
1909 4286 2009 4322 om.
2031 4271 2078 4321 Τ
2103 4269 2250 4338 (add.
2281 4268 2383 4338 11²)
2493 4270 2723 4324 iniuria-

426 4370 552 4405 rum
599 4368 702 4421 pro
753 4349 1229 4404 adclamationum
1257 4369 1288 4416 ρ
1436 4354 1502 4402 14
1539 4347 1811 4402 laceraret
1859 4352 1936 4417 (re
1979 4350 2042 4401 in
2068 4352 2207 4418 τας.)
2235 4350 2321 4415 M,
2368 4350 2437 4416 cf.
2475 4352 2550 4404 ad
2587 4351 2621 4403 l.
2652 4355 2724 4405 12

431 4438 496 4485 15
528 4431 684 4502 affigi
714 4434 806 4500 ρΤ
826 4438 876 4485 et
910 4432 989 4484 sic
1006 4447 1112 4499 pro
1140 4446 1195 4482 u.
1219 4429 1252 4482 l.
1283 4429 1458 4483 adscr.
1481 4428 1576 4493 12⁸,
1614 4445 1726 4482 uox
1752 4429 1996 4482 euanicla
2024 4430 2087 4481 in
2120 4430 2186 4496 G,
2223 4431 2322 4485 ubi
2348 4437 2528 4484 tamen
2566 4430 2722 4500 affigi

424 4513 517 4567 uel
554 4512 710 4582 afligi
729 4514 919 4581 potius
952 4511 1126 4576 fuerit

536 4612 807 4652 Svu'romvs
838 4611 905 4651 ed.
935 4612 1069 4651 Ihm.
1121 4610 1158 4650 1.
2228 4603 2294 4650 23
