3325 5209
1206 434 1421 489 DIVVS
1469 435 1678 488 TITVS
1729 447 1858 496 [car.
1892 447 2013 496 1—4]
2621 437 2751 501 325

454 621 607 662 nam
662 602 879 663 manet
934 597 1141 663 adhuc
1197 604 1261 663 et
1316 599 1699 684 ostenditur,
1756 599 2060 664 educatus
2116 599 2185 663 in
2231 600 2379 663 aula
2423 621 2568 663 cum
2616 599 2754 665 Bri—
2802 599 2843 664 2

457 706 715 770 tannico
761 704 956 769 simul
993 727 1066 771 ac
1102 706 1366 790 paribus
1404 706 1764 790 disciplinis
1802 710 1867 769 et
1903 706 2075 789 apud
2114 706 2369 771 eosdem
2407 708 2752 793 magistros

459 812 814 877 institutus
899 835 1026 896 quo
1076 813 1334 896 quidem
1380 817 1673 897 tempore
1719 814 1901 877 aiunt
1947 816 2478 897 metoposcopum
2525 837 2563 878 a
2589 813 2750 878 Nar-

462 920 625 984 cisso
702 920 923 983 Claudi
984 919 1217 984 liberto
1293 919 1681 1003 adhibitum,
1744 923 1820 984 ut
1883 919 2330 984 Britannicum
2390 920 2752 1003 inspiceret,

404 1052 429 1090 5
459 1028 977 1092 constantissime
1024 1027 1376 1092 affirmasse
1423 1027 1607 1092 illum
1658 1028 1918 1111 quidem
1964 1028 2144 1091 nullo
2191 1025 2411 1110 mode,
2471 1031 2752 1092 ceterum

458 1132 703 1215 Titum,
761 1135 873 1217 qui
931 1139 1086 1199 tunc
1139 1156 1343 1219 prope
1397 1134 1669 1218 astabat,
1725 1135 1950 1218 utique
1995 1135 2476 1217 imperaturum.
2570 1136 2751 1197 erant

460 1244 671 1305 autem
711 1240 874 1305 -adeo
922 1240 1289 1325 familiares,
1335 1246 1407 1304 ut
1454 1241 1532 1304 de
1577 1241 1862 1324 potione,
1908 1262 2035 1325 qua
2072 1240 2482 1306 Britannicus
2519 1241 2753 1304 hausta

456 1348 668 1432 periit,
714 1346 899 1412 Titus
949 1369 1204 1431 quoque
1249 1349 1430 1411 iuxta
1476 1341 1718 1412 cubans
1763 1352 2058 1434 gustasse
2103 1348 2398 1412 credatur
2442 1346 2753 1432 grauique

457 1454 683 1520 morbo
731 1455 1098 1520 adflictatus
1143 1453 1268 1518 diu.
1354 1476 1626 1538 quorum
1677 1454 1964 1519 omnium
2003 1476 2157 1518 mox
2193 1476 2439 1519 memor
2472 1458 2752 1518 statuam

378 1586 431 1625 ιο
459 1563 517 1624 ei
572 1584 830 1626 auream
887 1562 957 1625 in
1000 1560 1252 1625 Palatio
1310 1562 1527 1644 posuit
1582 1565 1647 1625 et
1694 1561 1960 1626 alteram
2008 1585 2087 1625 ex
2133 1562 2325 1626 ebore
2371 1565 2752 1645 equestrem,

458 1691 625 1751 quae
684 1667 948 1732 circensi
1006 1689 1248 1751 pompa
1309 1668 1630 1752 hodieque
1695 1669 2081 1752 praefertur,
2154 1670 2474 1734 dedicauit
2536 1690 2753 1753 prose-

458 1779 771 1858 cutusque
832 1778 945 1839 est.
1046 1776 1114 1838 in
1168 1797 1369 1859 puero
1428 1776 1647 1839 statim
1706 1777 1990 1860 corporis
2046 1777 2372 1860 animique
2419 1775 2602 1840 dotes
2650 1798 2753 1840 ex·
2802 1775 2843 1841 3

456 1881 903 1964 plenduerunt,
949 1883 1285 1966 magisque
1332 1904 1406 1947 ac
1453 1882 1656 1968 magis
1706 1882 2003 1967 deinceps
2049 1905 2166 1966 per
2212 1883 2441 1947 aetatis
2487 1883 2754 1969 gradus:

456 1988 668 2052 forma
725 1989 987 2075 egregia
1045 1992 1109 2053 et
1172 1990 1275 2053 cui
1331 2011 1464 2053 non
1523 1988 1737 2052 minus
1797 1989 2199 2054 auctoritatis
2260 1990 2499 2054 inesset
2559 2012 2752 2072 quam

379 2117 428 2156 15
456 2096 724 2180 gratiae,
760 2097 1175 2180 praecipuum
1210 2096 1425 2180 robur,
1463 2117 1827 2179 quanquam
1859 2117 2065 2179 neque
2102 2118 2367 2180 procera
2407 2099 2652 2159 statura
2690 2099 2753 2159 et

458 2207 681 2266 uentre
725 2204 920 2286 paulo
969 2203 1376 2287 proiectiore3
1438 2202 1841 2287 memoria[e]
1891 2202 2264 2288 singularis,
2331 2203 2625 2267 docilitas
2674 2202 2752 2265 ad

458 2311 667 2374 omnis
712 2310 845 2375 fere
892 2315 1032 2375 tum
1083 2310 1234 2374 belli
1281 2313 1420 2373 tum
1466 2309 1643 2393 pacis
1683 2313 1870 2373 artes.
1953 2330 2278 2373 armorum
2310 2313 2383 2381 ⁴et
2420 2308 2750 2393 equitandi
2790 2328 2822 2375 2

456 2417 903 2502 peritissimus,
949 2417 1178 2481 Latine
1218 2415 1578 2499 Graeceque
1623 2416 1729 2479 uel
1774 2418 1843 2480 in
1888 2416 2128 2481 orando
2175 2417 2283 2480 uel
2329 2417 2395 2480 in
2433 2415 2752 2502 fingendis

458 2525 864 2606 poematibus
923 2527 1260 2608 promptus
1322 2527 1385 2587 et
1440 2522 1649 2587 facilis
1708 2524 1786 2587 ad
1843 2524 2464 2607 extemporalitatem
2519 2543 2752 2607 usque3

380 2649 431 2687 20
461 2631 568 2696 sed
622 2653 703 2694 ne
758 2632 1041 2695 musicae
1098 2631 1355 2714 quidem
1413 2631 1617 2713 rudis,
1683 2634 1757 2694 ut
1822 2632 1936 2713 qui
1994 2634 2276 2694 cantaret
2333 2634 2396 2694 et
2449 2628 2754 2714 psalleret

459 2739 733 2803 iucunde
790 2738 1203 2822 scienterque.
1299 2759 1333 2800 e
1387 2737 1684 2820 pluribus
1739 2737 2047 2821 comperi,
2109 2737 2281 2801 notis
2340 2758 2595 2820 quoque
2651 2758 2753 2799 ex-

459 2845 669 2928 cipere
731 2844 1137 2911 uelocissime
1194 2845 1487 2928 solitum,
1552 2867 1698 2908 cum
1755 2845 2246 2908 amanuensibus
2285 2845 2436 2908 'suis
2491 2866 2606 2928 per
2658 2844 2753 2907 111-

459 2952 610 3016 dum
677 2952 1016 3035 iocumque
1065 2955 1440 3034 certantem,
1509 2951 1878 3035 imitarique
1935 2951 2362 3037 chirographa
2418 2971 2753 3034 quaecum-

459 3081 583 3142 que
629 3059 921 3139 uidisset,
988 3080 1062 3123 ac
1109 3080 1297 3140 saepe
1342 3059 1633 3141 profiteri
1693 3061 2097 3122 maximum
2143 3059 2544 3122 falsarium
2593 3080 2752 3122 esse

379 3180 430 3220 25
459 3168 826 3249 potuisse.

637 3271 959 3336 Tribunus
1006 3272 1288 3336 militum
1335 3276 1400 3335 et
1447 3273 1515 3336 in
1555 3271 1893 3336 Germania
1939 3276 2002 3336 et
2039 3273 2106 3335 in
2144 3272 2481 3336 Britannia
2518 3271 2753 3335 meruit
2800 3273 2846 3340 4

606 3499 669 3546 12
710 3495 865 3563 Epit.
907 3499 996 3559 10,
1022 3497 1060 3546 2
1099 3508 1132 3545 a
1169 3508 1343 3559 puero
1380 3491 1687 3561 praeclaris
1726 3491 1928 3545 studiis
1964 3492 2281 3561 probitatis,
2321 3491 2563 3546 militiae
2599 3491 2753 3544 litte-

458 3590 646 3626 rarum
675 3571 1082 3626 instantissime
1128 3572 1369 3638 deditus,
1405 3588 1515 3640 quo
1546 3573 1914 3639 contenderit,
1944 3572 2117 3626 animi
2148 3575 2206 3625 et
2233 3572 2481 3641 corporis
2510 3572 2752 3625 muneri-

458 3652 564 3708 bus
602 3653 865 3708 ostendit.
939 3655 1007 3720 cf.
1049 3653 1327 3707 Einhard.
1361 3657 1432 3706 18
1469 3653 1546 3706 ad
1581 3654 1727 3723 Auy.
1761 3658 1828 3706 61
2040 3660 2105 3706 16
2145 3654 2422 3707 Einhard.
2452 3658 2529 3708 22
2566 3655 2638 3721 (u.
2678 3653 2754 3706 ad

458 3735 590 3788 Ner.
624 3737 713 3803 51)
861 3738 927 3787 18
962 3735 1197 3801 Eutrop.
1223 3734 1348 3787 VII
1364 3737 1455 3799 21,
1478 3739 1508 3787 1
1545 3732 1980 3786 facundissimus
2020 3776 2030 3787 .
2065 3778 2075 3787 .
2109 3777 2119 3787 .
2152 3750 2350 3787 causas
2378 3733 2579 3787 Latine
2616 3732 2752 3802 egit,

458 3817 722 3882 poemata
778 3817 836 3868 et
888 3814 1210 3883 tragoedias
1266 3814 1477 3867 Graece
1533 3814 1862 3881 composuit.
1937 3815 2005 3880 cf.
2046 3815 2324 3868 Einhard.
2363 3818 2437 3868 25
2492 3813 2753 3867 Latinam

457 3895 745 3965 (linquam)
781 3894 865 3947 ita
904 3894 1132 3967 didicit,
1188 3896 1253 3946 ut
1299 3909 1476 3961 aeque
1524 3893 1625 3946 illa
1663 3910 1729 3946 ac
1767 3894 1954 3961 patria
1990 3894 2188 3963 lingua
2225 3911 2384 3947 orare
2423 3895 2498 3947 sit
2535 3893 2750 3947 solitus.

508 4137 514 4143 .
601 4097 632 4145 2
669 4090 957 4162 magistris
997 4091 1084 4156 M,
1122 4092 1353 4144 -stratos
1396 4090 1457 4159 Q,
1496 4092 1732 4143 —stratus
1770 4093 1833 4144 H
1972 4096 2002 4143 3
2043 4107 2077 4143 a
2113 4109 2213 4145 om.
2249 4092 2300 4147 G
2445 4097 2476 4144 8
2516 4090 2751 4162 cubans]

456 4192 510 4226 u.
551 4173 626 4225 ad
662 4189 722 4240 p.
754 4175 879 4238 176,
908 4176 979 4225 18
1120 4172 1371 4239 gestasse
1404 4171 1479 4223 M
1617 4176 1647 4222 9
1689 4169 1934 4224 afflictus
1968 4172 2097 4237 HR,
2135 4170 2456 4224 adflictatus
2494 4170 2571 4224 sit
2612 4172 2751 4225 Oud.

461 4258 526 4306 13
563 4252 745 4323 magis
785 4267 852 4306 ac
888 4250 1070 4320 magis
1110 4252 1183 4316 H,
1221 4250 1514 4320 magisque
1554 4252 1675 4319 (om.
1716 4265 1784 4304 ac
1821 4250 2024 4321 magis)
2063 4252 2138 4305 M
2280 4259 2346 4306 15
2383 4251 2752 4319 praecipuum

455 4333 628 4387 robur
657 4339 786 4403 post
819 4330 1154 4401 proiectiore
1179 4336 1401 4398 ponunt
1429 4332 1659 4384 Ernesti
1686 4337 1736 4385 et
1768 4332 1904 4386 Oud.
2055 4337 2119 4384 16
2150 4331 2420 4386 memoria
2449 4331 2601 4402 11¹0,
2637 4348 2751 4385 me-

455 4413 670 4468 moriae
705 4414 799 4467 rel.
839 4418 890 4466 et
925 4413 994 4466 N
1024 4413 1145 4480 (Ω),
1199 4411 1468 4464 memoria
1505 4411 1562 4464 et
1603 4410 1742 4465 Oud.
1962 4417 2026 4465 17
2069 4429 2196 4464 cum
2232 4411 2371 4465 belli
2410 4431 2443 4472 ς
2478 4413 2752 4483 (Bentley)

460 4500 525 4548 18
562 4494 757 4564 lingue
787 4499 913 4560 post
950 4507 1261 4562 graecoque
1299 4491 1428 4544 add.
1476 4492 1576 4543 ΤΤ
1616 4497 1720 4545 aet.
1759 4493 1876 4545 edd.
1919 4492 2142 4561 (Latina
2180 4491 2505 4561 Graecaque
2553 4491 2751 4559 lingua

454 4576 709 4643 Lipsius)
855 4577 919 4625 19
960 4573 1032 4625 ad
1071 4575 1177 4624 ext.
1217 4587 1395 4639 usque
1433 4588 1532 4625 om.
1564 4571 1674 4641 HQ
