3325 5209
1100 393 1313 447 DIVVS
1354 393 1709 447 CLAVDIVS
1749 407 1880 455 [car.
1913 407 2087 456 20—22]
2582 396 2711 459 215

415 555 627 637 coepit
665 554 1041 640 sportulam,
1090 556 1239 638 quia
1274 558 1552 639 primum
1595 558 1988 642 daturu[m]s
2028 559 2331 642 edixerat,
2372 557 2588 623 uelut
2625 559 2713 622 ad

416 661 754 726 subitam
793 663 1380 746 condictamque
1427 664 1772 728 cenulam
1820 664 2159 728 inuitare
2207 686 2284 729 se
2328 665 2711 749 populum.

407 790 532 832 ,nec
568 769 703 833 ullo
743 769 1090 852 spectaculi
1126 790 1360 855 genere
1398 772 1801 836 communior
1838 775 1950 834 aut
1987 770 2318 835 remissior
2355 776 2508 856 erat,
2555 773 2712 836 adeo

416 879 490 939 ut
515 875 767 939 oblatos
805 875 1162 939 uictoribus
1200 897 1428 940 aureos
1465 876 1717 960 prolata
1755 877 2018 941 sinistra
2059 878 2303 960 pariter
2338 899 2484 941 cum
2512 879 2712 964 uulgo

364 1004 390 1044 5
419 1003 577 1045 uoce
625 981 976 1069 digitisque
1029 988 1396 1047 numeraret
1451 1005 1524 1047 ac
1571 1005 1759 1067 saepe
1805 983 2124 1048 hortando
2171 985 2586 1071 rogandoque
2634 986 2714 1048 ad

414 1088 811 1152 hilaritatem
838 1088 1132 1152 homines
1169 1093 1567 1173 prouocaret,
1607 1088 1955 1152 dominos
1986 1089 2337 1153 identidem
2365 1090 2712 1176 appellans,

415 1195 730 1259 immixtis
785 1195 1108 1259 interdum
1164 1195 1420 1281 frigidis
1486 1200 1550 1259 et
1604 1195 1929 1259 arcessitis
1986 1195 2172 1280 iocis3
2231 1196 2439 1279 qualis
2496 1202 2595 1261 est
2640 1203 2713 1263 ut

414 1323 558 1365 cum
597 1301 986 1366 Palumbum
1028 1301 1506 1386 postulantibus
1546 1302 1847 1365 daturum
1887 1323 1954 1365 se
1982 1302 2302 1386 promisit,
2340 1303 2405 1366 si
2444 1308 2710 1388 captus

413 1413 632 1473 esset.
717 1408 882 1472 illud
918 1410 1106 1492 plane
1144 1408 1558 1493 quantumuis
1597 1408 1943 1487 salubriter
1982 1413 2045 1472 et
2094 1409 2162 1473 in
2202 1412 2516 1493 tempore:
2564 1432 2709 1474 cum

336 1538 387 1578 10
417 1515 766 1600 essedario,
826 1538 945 1599 pro
1008 1537 1135 1598 quo
1196 1519 1502 1598 quattuor
1561 1515 1657 1578 fili
1719 1515 2249 1601 deprecabantur,
2295 1538 2532 1602 magno
2581 1539 2710 1582 om-

413 1623 597 1689 nium
644 1623 868 1686 fauore
914 1621 1287 1685 indulsisset
1331 1622 1574 1705 rudem,
1621 1622 1909 1686 tabulam
1956 1622 2107 1686 ilico
2145 1622 2326 1686 misit
2362 1624 2711 1688 admonens

415 1729 750 1813 populum,
789 1732 1073 1812 quanto
1114 1748 1338 1810 opere
1374 1727 1668 1791 liberos
1717 1730 2108 1812 suscipere
2149 1729 2484 1814 deberet,
2523 1726 2709 1814 quos

417 1834 719 1898 uideret
758 1838 830 1898 et
866 1833 1291 1920 gladiatori
1328 1835 1717 1916 praesidio
1749 1836 2200 1919 gratiaeque
2239 1858 2417 1901 esse.
2510 1838 2711 1902 edidit

418 1945 481 2005 et
527 1941 597 2004 in
634 1937 871 2005 Martio
912 1962 1136 2024 campo
1184 1941 1726 2027 expugnationem
1774 1942 2325 2026 direptionemque
2364 1943 2585 2026 oppidi
2631 1945 2711 2007 ad

332 2070 383 2109 15
416 2047 762 2133 imaginem
793 2047 1089 2111 bellicam
1118 2051 1182 2111 et
1201 2047 1588 2111 deditionem
1613 2047 1985 2112 Britanniae
2013 2070 2240 2134 regum
2263 2050 2710 2133 praeseditque

413 2154 774 2237 paludatus
862 2154 1019 2237 quin
1080 2158 1143 2217 et
1207 2155 1558 2217 emissurus
1619 2153 1935 2218 Fucinum
1990 2154 2202 2219 lacum
2263 2155 2709 2219 naumachiam

413 2265 562 2325 ante
600 2260 939 2324 commisit.
1027 2261 1139 2324 sed
1177 2281 1321 2324 cum
1358 2261 1909 2344 proclamantibus
1947 2262 2472 2326 naumachiariis:
2518 2263 2710 2327 haue

413 2368 862 2452 imperator,
910 2367 1271 2431 morituri
1317 2372 1389 2431 te
1428 2368 1798 2431 salutant!
1848 2368 2311 2451 respondisset:
2359 2373 2490 2432 aut
2533 2371 2707 2433 non!

412 2497 620 2558 neque
668 2478 815 2559 post
860 2474 1028 2537 hanc
1073 2495 1299 2538 uocem
1347 2474 1532 2557 quasi
1577 2475 1767 2538 uenia
1823 2474 1970 2537 data
2018 2475 2360 2560 quisquam
2408 2476 2710 2540 dimicare

332 2603 383 2641 20
413 2581 634 2665 uellet,
681 2581 790 2644 diu
839 2585 1172 2645 cunctatus
1221 2603 1302 2644 an
1354 2601 1576 2644 omnes
1623 2580 1762 2667 igni
1799 2580 2100 2666 ferroque
2147 2582 2527 2666 absumeret,
2572 2587 2709 2646 tan-

416 2689 560 2750 dem
606 2709 640 2751 e
689 2687 836 2751 sede
902 2710 1017 2752 sua
1079 2689 1381 2771 prosiluit
1446 2709 1518 2752 ac
1581 2709 1698 2771 per
1761 2688 2079 2754 ambitum
2143 2689 2320 2752 lacus
2379 2710 2509 2752 non
2571 2689 2707 2753 sine

413 2794 602 2858 foeda
656 2794 1068 2858 uacillatione
1125 2794 1487 2858 discurrens
1541 2795 1780 2878 partim
1838 2796 2141 2859 minando
2197 2796 2433 2878 partim
2481 2795 2708 2859 adhor—

415 2902 611 2977 tando
660 2901 740 2964 ad
785 2923 1070 2988 pugnam
1117 2900 1443 2984 compulit.
1525 2900 1649 2965 hoc
1697 2901 2062 2985 spectaculo
2111 2902 2336 2965 classis
2376 2899 2589 2966 Sicula
2646 2906 2709 2966 et

411 3007 666 3072 Rhodia
732 2995 1222 3092 concurrerunt,
1294 3007 1731 3071 duodenarum
1798 3009 2158 3073 triremium
2225 3007 2541 3093 singulae,
2608 3029 2707 3071 ex-

330 3134 381 3173 25
413 3117 616 3178 ciente
661 3114 895 3178 bucina
943 3113 1208 3179 Tritone
1254 3118 1577 3199 argentee,
1625 3117 1736 3198 qui
1784 3136 1818 3178 e
1866 3115 2075 3178 medio
2122 3115 2266 3178 lacu
2312 3120 2427 3199 per
2471 3116 2706 3179 machi-

412 3243 561 3284 nam
610 3225 969 3285 emerserat.

2752 788 2783 836 5

517 3386 522 3391 .
591 3327 912 3403 Quaedam
960 3330 1127 3392 circa
1173 3328 1593 3392 caerimonias
1641 3327 2027 3412 ciuilemque
2075 3331 2139 3392 et
2180 3327 2525 3393 militarem
2572 3350 2705 3392 mo·
2727 3327 2813 3394 22

411 3455 572 3519 rem,
629 3435 786 3498 item
843 3436 1010 3498 circa
1066 3434 1353 3498 omnium
1404 3435 1701 3498 ordinum
1751 3439 1990 3499 statum
2039 3435 2213 3499 domi
2259 3435 2547 3519 forisque
2594 3440 2706 3499 aut

556 3645 582 3690 1
624 3635 855 3689 daturus
896 3637 1149 3690 edixerat
1176 3638 1255 3691 ed.
1286 3638 1465 3692 Basil.
1490 3642 1659 3702 1533,
1699 3637 1964 3690 daturum
2004 3654 2062 3691 se
2093 3638 2312 3691 dixerat
2341 3638 2620 3707 (dixerant
2643 3641 2705 3703 Y,

411 3717 676 3769 daturum
711 3734 778 3770 ss.
810 3719 868 3770 in
911 3719 983 3785 R)
1014 3720 1066 3770 Ω,
1186 3724 1217 3770 2
1257 3718 1580 3785 dictamque
1617 3720 1664 3770 Τ
1780 3723 1808 3770 7
1850 3718 2137 3771 accersitis
2172 3717 2510 3788 GH¹QPST
2623 3717 2704 3770 lo-

410 3797 489 3848 cis
522 3797 706 3851 MGX
737 3801 891 3865 (corr.
922 3796 1008 3865 δ’)
1096 3807 1101 3812 “
1172 3798 1356 3865 qualis
1404 3800 1489 3851 est
1524 3805 1830 3867 suspectum
1867 3799 2117 3852 Bentleio
2281 3801 2344 3851 ut
2382 3815 2480 3851 om.
2512 3816 2561 3863 ς,
2601 3800 2702 3851 del.

407 3877 585 3942 multi,
623 3877 715 3930 uel
743 3878 1008 3931 Bz‘o‘cheler
1116 3885 1147 3931 9
1179 3894 1400 3945 quoque
1425 3884 1549 3945 post
1573 3877 1719 3931 illud
1748 3879 1876 3932 add.
1906 3882 1968 3931 Π
1993 3880 2184 3948 (uuly.)
2298 3883 2361 3931 12
2402 3878 2604 3932 debere
2636 3880 2711 3932 M

412 3962 477 4008 15
519 3956 824 4012 editionem
855 3960 983 4011 MX
1123 3964 1186 4011 17
1228 3974 1332 4011 aue
1375 3958 1629 4027 HQLST
1761 3959 2069 4027 imperator
2106 3975 2204 4012 om.
2236 3959 2397 4011 LPT
2431 3960 2561 4026 (uox
2599 3974 2705 4012 aue

406 4038 472 4089 in
500 4038 552 4091 L
580 4054 799 4090 uersum
825 4044 876 4091 et
895 4041 1166 4107 payinam
1193 4038 1436 4106 claudit).
1554 4044 1618 4089 18
1649 4041 1840 4091 autem
1868 4055 1981 4091 non
2008 4039 2066 4105 S,
2096 4054 2169 4090 an
2197 4055 2308 4091 non
2333 4039 2400 4102 G,
2430 4041 2489 4090 at
2518 4055 2630 4091 non
2655 4059 2704 4105 ρ,

407 4120 574 4172 auete
611 4134 713 4171 uos
743 4134 775 4175 ς
923 4123 985 4170 19
1025 4117 1263 4185 posthac
1295 4117 1346 4170 G
1491 4123 1557 4171 20
1596 4117 1810 4170 uellent
1841 4120 1916 4172 M
1923 4118 2068 4171 GH¹
2105 4120 2163 4186 (n
2200 4118 2261 4170 in
2295 4118 2347 4171 G
2381 4135 2449 4173 88.
2480 4136 2547 4171 m.
2580 4121 2630 4187 1)

408 4198 622 4251 omines
662 4199 716 4266 (a
761 4197 987 4250 nomine
1030 4198 1195 4266 signi)
1227 4198 1316 4262 M,
1364 4197 1617 4250 homines
1646 4202 1721 4265 X,
1771 4197 1951 4251 omnis
1982 4199 2127 4253 Roth
2307 4203 2369 4249 21
2421 4198 2705 4266 prosiliuit

409 4276 562 4331 H²S²
732 4282 800 4330 22
838 4276 1202 4330 bacillatione
1226 4279 1296 4342 Ω,
1333 4295 1468 4331 corr.
1501 4295 1533 4336 ς
1683 4278 1961 4331 hortando
1995 4278 2046 4331 G
2192 4283 2258 4331 23
2298 4277 2503 4330 classes
2533 4280 2705 4332 Bent-

407 4359 492 4428 ley
618 4361 675 4411 et
703 4357 927 4410 Rhodia
956 4375 1055 4412 om.
1090 4358 1140 4411 G
1286 4362 1352 4409 24
1391 4358 1914 4426 quinquagenarum
1947 4359 2198 4422 Casama„
2237 4359 2493 4412 lacunam
2529 4365 2705 4412 statu-

405 4445 510 4492 unt
546 4439 652 4492 alii
868 4437 1119 4490 exciente
1147 4439 1287 4504 HR,
1326 4437 1562 4492 eiciente
1603 4438 1747 4506 (eiti-
1781 4438 1852 4506 G)
1891 4439 1982 4491 rel.
2017 4440 2212 4507 (ortum
2250 4455 2316 4491 ex
2363 4439 2419 4490 et
2457 4438 2640 4491 ciente
2654 4436 2703 4506 ?)

408 4524 473 4571 25
512 4517 778 4570 bucinam
810 4522 868 4570 X
